2678 4718
656 391 816 442 -toc-

230 528 326 591 Tuuc
337 531 475 612 grauior
489 548 565 592 com
581 527 692 592 tarda¹
711 531 816 609 uenit,
834 533 918 592 tunc
936 530 1037 613 plena
1052 531 1188 595 timoris

232 644 317 708 Corn
331 649 463 709 terrore
478 650 583 724 caret,
599 643 736 709 blauda¹
751 644 801 709 nil
815 645 946 710 seuius³
960 646 1008 708 ira

232 760 317 825 Com
332 761 432 825 floret
447 762 576 825 miseri¹
590 761 671 825 felix
689 761 812 826 iniuria
832 762 916 837 uoti,

234 879 283 941 At
304 882 358 941 tu¹
375 877 554 941 dissimilis
571 877 674 960 lunge
687 876 738 961 cuj
755 877 868 941 fronte
885 884 1024 943 serena¹

232 993 419 1078 Sanguinis
434 992 559 1078 egregij
578 992 722 1057 lucrum⁷
737 1013 925 1078 pacemque
938 994 1075 1060 litatam

233 1111 438 1195 Cinptamlu)
453 1110 567 1174 anima
582 1110 759 1193 pater¹ille
773 1110 950 1195 piuS,pius
964 1111 1019 1176 ille
1036 1113 1245 1194 sacerdos(b)

233 1227 273 1292 ln
287 1247 406 1292 curam
420 1230 558 1291 uenisse
573 1226 668 1301 uelit,
688 1227 743 1290 cui
757 1227 905 1292 cederet⁹
920 1231 994 1311 ipse

232 1344 396 1418 Prorsus,
416 1342 471 1407 vel
487 1346 643 1426 proprias
656 1340 748 1406 letus
763 1346 910 1407 sociaret
926 1345 1093 1428 habenas,
1189 1320 1192 1325 Ι

233 1461 414 1524 Hactenus
426 1460 518 1523 hac¹⁰
532 1463 584 1541 (c),
598 1467 707 1544 tuque
724 1479 786 1525 oro
799 1466 861 1525 tuo
880 1463 923 1525 da
941 1466 1090 1528 maxime
1105 1465 1179 1529 uati

233 1577 286 1641 Ire
305 1577 369 1640 iter
384 1580 570 1660 inceptum,
584 1576 779 1661 troiamque
797 1582 929 1662 aperire
944 1564 1135 1661 iacentem,⁴

232 1695 304 1759 Te¹¹
321 1713 416 1758 sacre
429 1699 609 1757 assument
624 1694 727 1773 acieS,
742 1691 927 1780 diuinaque
941 1695 1067 1778 bella¹¹,

232 1814 329 1877 Tunc
344 1811 513 1896 dignum¹¹
528 1813 657 1875 maiore
672 1813 768 1886 tuba,
784 1816 867 1876 tunc
880 1817 1018 1896 pectore
1032 1820 1107 1878 toto

234 1931 347 2007 Nitar‚
363 1934 398 1993 et
412 1931 609 1993 inmensum
620 1947 755 1992 mecum
769 1947 931 2014 spargere
942 1950 1005 2015 per
1017 1933 1164 1995 orbem¹¹
1197 1978 1200 1987 .

274 2106 283 2139 ¹
313 2101 400 2163 Tunc
425 2100 512 2162 enim
537 2099 650 2161 timida
675 2108 723 2162 est
748 2117 829 2181 pena
856 2101 985 2182 quando
1019 2101 1181 2164 differtur.
1208 2139 1251 2149 —

154 2256 156 2260 ,
232 2205 244 2237 ¹
261 2198 396 2274 Quando
419 2197 566 2259 differtur
585 2196 737 2258 uindicta.
751 2199 814 2241 —³
830 2196 865 2258 ln
881 2197 1067 2279 optinendo,
1098 2200 1190 2282 quasi
1203 2201 1254 2262 di-

235 2305 322 2361 ceret
356 2306 433 2359 tunc
461 2295 591 2378 quidem
617 2294 767 2377 precipue
790 2295 966 2357 timendum
991 2304 1049 2371 est,
1077 2316 1150 2360 curn
1179 2299 1254 2383 quis

234 2395 388 2458 iniuriose
401 2393 524 2476 optinet
535 2393 741 2475 quodmisere
750 2395 921 2476 optauerit,
936 2395 1017 2457 sicut
1032 2404 1120 2479 patet
1131 2395 1168 2479 jn
1184 2398 1253 2481 epi-

233 2502 319 2556 tome
332 2491 601 2575 spiritualium-
618 2490 748 2553 ¹Nichil
763 2501 810 2554 est
825 2491 975 2556 felicitate
988 2495 1188 2576 peccantium
1205 2496 1253 2557 in-

233 2591 368 2665 felicius,
383 2589 515 2664 miseri,
537 2591 569 2651 in
596 2590 749 2672 optando.
766 2625 806 2636 -
821 2593 832 2626 ⁵
846 2590 893 2652 lta
911 2592 1069 2653 sccundus
1081 2598 1154 2674 post
1175 2593 1250 2654 tho-

233 2709 331 2764 mam,
351 2689 468 2752 iniuste
478 2688 667 2751 sublimatus
685 2695 752 2751 erat
771 2696 802 2750 et
818 2689 899 2750 iuste
914 2690 1072 2752 detrusus.
1089 2725 1130 2735 -
1152 2691 1248 2753 6Νοη

233 2788 368 2851 terribili
387 2787 467 2850 sicut
487 2787 596 2870 priori.
611 2823 651 2832 —
670 2791 681 2824 ⁷
698 2786 891 2849 Libertatem
913 2787 1044 2850 ecclesie
1066 2779 1164 2871 quam
1192 2809 1252 2872 per

233 2887 412 2950 martirium
426 2887 635 2962 lucratus-est.
655 2888 718 2931 -¹
736 2885 862 2948 Scilicet
877 2887 1034 2948 secundus
1049 2888 1187 2950 thomas·
1209 2924 1249 2934 —

154 3068 157 3073 Ι
233 2985 463 3066 ⁹‚ltesignand0
478 2985 537 3047 tibi
545 2985 594 3046 ius
611 3004 704 3046 suum
718 2994 749 3048 et
766 2984 920 3048 officium.
934 3020 974 3030 —
990 2989 1013 3022 ¹⁰
1027 2985 1092 3047 lieo
1106 2982 1249 3048 sufficiat

233 3083 351 3147 dixisse
363 3084 402 3146 de
415 3083 510 3146 laude
528 3084 593 3146 tud.
615 3119 656 3129 —
671 3087 692 3120 ¹¹
710 3084 733 3146 1.
746 3103 774 3146 e.
791 3083 903 3145 laudes
914 3091 996 3145 tuas.
1013 3119 1054 3129 -
1075 3088 1098 3121 ¹¹
1114 3074 1249 3168 Propter

233 3181 399 3244 dominum
425 3189 582 3265 suscepta,
611 3183 702 3264 quasi
726 3182 845 3244 diceret
872 3181 904 3242 in
940 3171 1054 3244 maiori
1083 3181 1248 3245 uolumine

232 3298 315 3354 mc0‚
331 3281 370 3342 de
387 3279 548 3342 anthoicia
576 3279 632 3341 ubi
660 3279 841 3343 christicole
864 3299 937 3342 curn
965 3279 1139 3360 gentilibus
1167 3299 1248 3362 pug-
1307 3296 1311 3301 ·

234 3397 363 3454 nouere,
389 3379 429 3441 de
448 3377 598 3441 laudibus
620 3378 683 3440 tuis
697 3376 908 3440 sufficientius
925 3378 1041 3440 dicam.
1057 3413 1098 3423 -
1120 3381 1144 3415 ¹¹
1166 3378 1248 3452 Quia

233 3485 310 3539 tuno
345 3476 473 3558 dignius
500 3477 560 3539 erit
589 3478 628 3538 de
655 3485 686 3539 te
709 3475 799 3558 loqui
828 3476 884 3538 ubi
910 3476 950 3538 de
976 3470 1169 3539 christicolis
1192 3476 1248 3538 fiet

234 3576 354 3640 mentio
373 3575 604 3660 principaliter.
624 3610 664 3620 -
678 3579 701 3612 ¹¹
721 3575 851 3639 Accedit
864 3576 905 3638 ad
923 3575 1159 3639 enarrationem
1182 3575 1248 3636 his-

234 3674 326 3750 torie,
353 3682 384 3737 et
412 3675 527 3738 ordine
547 3673 686 3736 naturali
710 3673 812 3737 utitur
836 3673 904 3736 eius
927 3673 1125 3746 executione,
1141 3673 1248 3754 primo

195 3763 202 3770 ’
235 3773 413 3856 enimjdioit
429 3771 569 3856 qualiter
586 3789 664 3852 argo
687 3771 841 3834 fabricata
863 3772 962 3854 [etcl.

267 3943 305 4008 (a)
315 3944 448 4008 Emptum
462 3941 504 4002 (D.
520 3941 571 4002 D.).
587 3968 615 3978 -
627 3943 663 4006 (b)
678 3942 820 3992 Cacumen
841 3942 883 4002 (l).
900 3941 951 4000 Π).
965 3966 993 3978 -
1017 3941 1051 4004 (c)
1063 3940 1131 3990 Haec
1142 3938 1246 4002 (D.D.·).
