2678 4718
651 323 806 375 -laa-

224 468 280 532 Sic
293 467 357 532 tibi
374 467 422 530 sic
436 464 558 529 danais
579 462 774 559 docilesque
788 463 919 526 instare
933 460 1095 546 pelasgos

223 584 303 647 Non
317 583 446 666 fugisse
462 585 573 646 sciant
588 580 647 664 qui
662 599 741 645 cum
759 585 904 663 potuere
918 577 1043 642 minari

223 701 270 764 Et
281 706 424 783 potuere
438 701 510 782 pati
526 697 643 762 tacitis
659 699 707 761 sic
722 696 904 780 questibus
926 699 1014 760 iram

223 816 405 880 Exacuens
420 835 578 879 summos
592 817 748 877 animum
762 812 933 897 procudit¹
948 814 984 877 in
999 833 1108 896 ausus

133 905 138 915 Ι
223 933 326 996 Haud
350 952 450 996 secus
465 930 605 996 exilium
621 935 718 1015 grate
734 931 926 1015 dequestus
950 931 1078 995 harene

223 1049 383 1114 Armenti
398 1051 533 1132 princes
548 1050 588 1128 (a)
605 1047 779 1112 lunatum¹
795 1049 901 1111 robur
914 1050 950 1111 in
969 1067 1075 1112 ornos

222 1170 375 1249 Asperat
390 1165 542 1228 obiectas
557 1169 591 1227 et
606 1184 642 1227 se
657 1184 862 1247 premensus
876 1167 912 1227 in
935 1165 1074 1228 hostem

224 1283 327 1346 Occia
340 1283 425 1345 dura
441 1283 547 1364 gemit
561 1281 602 1363 (b)
619 1285 654 1344 et
666 1280 775 1364 prelia
789 1281 909 1366 pulcra
923 1283 1052 1366 figurat

221 1401 350 1464 Fronte
363 1399 481 1462 furens
495 1397 685 1481 pulsasque
711 1397 820 1481 pudet
844 1417 915 1461 non
942 1399 1099 1484 frangere
1124 1399 1234 1465 siluas

222 1516 306 1580 Inde
321 1516 436 1579 th0r0³
450 1514 588 1578 meliore
602 1515 692 1579 redit
707 1520 927 1598 ueteremque
941 1515 1116 1599 repulsam

221 1633 403 1696 Excusans
419 1634 532 1695 uictor
543 1636 667 1716 regnat
680 1632 848 1715 lauroque
864 1632 1022 1716 superbit
1040 1608 1043 1613 ‚

225 1749 271 1814 Vt
284 1751 319 1829 (c)
335 1747 466 1831 primos
482 1752 598 1811 motus
612 1747 692 1810 belli
706 1747 894 1812 librauerat
908 1749 1013 1812 heros

221 1846 267 1912 Et
281 1848 348 1911 iam
362 1847 456 1910 fama
469 1845 599 1931 loquax
615 1850 754 1930 rapiens
773 1868 816 1911 ex
834 1853 930 1912 aure*
944 1854 1131 1932 potentum

219 1964 322 2042 Quod
336 1964 426 2028 ferat
454 1966 489 2026 in
517 1963 646 2047 uulgus
666 1963 812 2047 pauidas
838 1966 932 2048 quod
960 1972 1105 2049 sparxat
1131 1971 1175 2048 (d)
1197 1972 1233 2031 in

405 2122 409 2129 -
1134 2086 1217 2148 urbe

221 2162 335 2227 Prelia
349 2166 446 2238 mota
465 2162 557 2227 canit
572 2161 665 2225 illam
680 2181 723 2225 ne
735 2165 892 2226 nocentis
909 2163 1026 2248 auernj
1120 2086 1131 2165 [
1219 2106 1237 2151 S

222 2280 427 2364 Progeniem
443 2279 504 2342 celi
518 2298 562 2342 ne
580 2298 657 2342 rear
675 2299 741 2362 que
754 2299 934 2343 murmura
946 2299 1062 2345 rerum

221 2396 445 2460 Extenebrat⁸
458 2394 639 2480 redditque
652 2395 767 2459 oculta
783 2397 928 2461 sicencia
948 2399 990 2482 (e)
1004 2397 1071 2482 lucj
1154 2476 1158 2486 Ι

222 2513 297 2576 Imo
310 2511 393 2596 quid
412 2532 580 2596 exsupera
598 2515 639 2594 (t)
653 2512 841 2576 contendat
858 2513 932 2577 luce
952 2517 999 2599 (g)
1013 2519 1165 2580 creatam

222 2628 541 2712 Turbatricemque⁰
567 2629 747 2693 hominum
771 2650 839 2715 que
855 2630 946 2695 facta
962 2631 1008 2714 (h)
1024 2612 1163 2696 silencia
1181 2652 1237 2696 re-

1144 2752 1240 2833 [gum

223 2829 270 2891 Jn
286 2827 406 2890 mundi
419 2827 546 2911 prefert
564 2847 666 2892 aures
679 2835 714 2893 et
725 2828 836 2912 plebis
850 2829 886 2892 in
900 2848 961 2893 ora

223 2944 392 3029 Dissipat,
409 2946 597 3009 archanum
617 2966 696 3009 cure
708 2945 823 3009 furata
839 2945 974 3010 silentis

223 3061 324 3125 Haud
341 3081 439 3125 mora
453 3082 523 3125 non
535 3061 632 3146 litujs
646 3061 732 3126 iussi
746 3081 816 3125 non
830 3069 897 3126 ere⁷
915 3067 1029 3126 uocati

265 3248 273 3280 ¹
292 3244 452 3305 Extendil.
469 3279 509 3290 -
533 3245 543 3278 ¹
565 3244 698 3324 Propter
722 3260 852 3305 cornua.
877 3280 917 3289 -
935 3243 1082 3319 ³Thorus
1115 3245 1233 3309 dicitur

222 3342 383 3425 pinguedo
406 3339 538 3423 illaque
553 3340 671 3401 eminet
685 3340 718 3401 in
733 3342 855 3405 ceruice
868 3343 963 3417 tauri,
980 3351 1010 3405 et
1028 3344 1087 3405 heo
1101 3343 1235 3425 ponitur·

221 3457 279 3522 pro
298 3439 421 3502 robore.
440 3443 498 3484 —⁴
512 3438 776 3501 Consilio-illl
791 3441 862 3503 ideo
876 3441 1050 3524 potestdioi
1065 3442 1235 3524 progenies

228 3537 298 3600 oeli.
315 3572 351 3583 -
369 3539 434 3600 “illl
449 3537 521 3599 ideo
536 3538 703 3619 progenies
718 3539 840 3601 auorni.
858 3575 897 3585 —
911 3545 922 3576 ⁷
938 3540 1057 3602 Precio,

253 3699 291 3758 (a)
306 3699 374 3763 Leg.
395 3699 539 3764 princeps.
559 3726 588 3736 -
605 3699 644 3765 (b)
661 3700 739 3751 Gerit
764 3702 807 3760 (D.
823 3701 877 3766 D.).
901 3729 930 3740 -
945 3702 978 3767 (c)
1000 3700 1058 3751 Vix
1073 3701 1117 3766 (D.
1129 3702 1185 3767 D.).
1203 3729 1232 3741 -

220 3777 257 3840 (d)
274 3779 397 3844 Spargat
413 3779 454 3839 (D.
469 3780 522 3843 D.).
541 3804 570 3819 -
584 3783 616 3842 (c)
631 3781 764 3832 Latentia
778 3781 822 3842 (D.
839 3783 892 3844 D.).
910 3808 939 3819 -
955 3782 988 3847 (f)
1000 3782 1072 3848 Quis
1087 3796 1102 3833 e
1126 3797 1232 3848 supera

220 3861 262 3918 (l).
281 3859 333 3921 D.).
351 3887 380 3898 -
396 3861 432 3924 (9)
448 3857 518 3911 l'ace
533 3862 575 3921 (D.
594 3860 647 3925 ἢ).
665 3887 694 3899 -
711 3861 750 3926 (ὴ)
765 3862 871 3912 Sancta
886 3863 929 3924 (D.
947 3864 999 3923 D.).
