2678 4718
602 374 738 427 ..33-

205 511 378 586 Galiridi
397 514 564 612 quidem
580 516 774 611 ampullae
790 519 831 587 et
845 512 1065 586 verborum
1079 515 1170 611 qui-

157 647 235 720 bus
247 656 368 744 poeta
382 650 459 723 iste
473 674 572 724 usus
583 649 792 723 astinanis
801 650 962 722 sonitus
973 656 1014 723 et
1032 656 1171 723 tumor

158 805 476 874 nonnunquam,
494 784 637 871 fateor,
664 783 783 857 nobis
809 784 978 882 Josephi
1006 807 1171 857 carmen

158 908 474 1016 perlegentibus
491 918 676 994 notanda
689 919 901 993 videntur:
914 918 1014 992 dum
1032 908 1174 1018 utique

157 1053 360 1150 PyrrhuS,
389 1054 544 1128 obortis
570 1053 764 1138 tenebris,
795 1054 1019 1128 «incendit
1053 1058 1173 1150 rapta
1251 1052 1255 1059 ’

158 1185 244 1260 face
259 1189 459 1286 Pergama
478 1190 653 1285 primus,
673 1217 691 1259 u
721 1196 883 1262 noctem
907 1188 1061 1263 talibus
1081 1213 1172 1261 ver·

162 1321 225 1396 bis
238 1325 406 1422 Iscanus
423 1325 660 1422 compellat:

158 1545 251 1622 Nox,
270 1547 342 1612 fera
366 1566 447 1622 nox,
464 1567 544 1611 vere
558 1567 629 1611 nox
646 1547 761 1623 noxia,
782 1547 933 1626 turbida,
950 1547 1074 1628 tristia,

161 1664 343 1738 Insidiosa,
359 1664 468 1742 ferox,
483 1667 625 1748 tragicis
643 1664 809 1729 ululanda
822 1665 1015 1745 cothurnis,

160 1784 236 1847 Aut
251 1781 356 1847 satira
370 1765 525 1846 rodenda
536 1779 645 1866 gravi,
662 1788 701 1846 tu
717 1782 792 1846 sola
805 1782 1013 1867 triumphas

143 1932 147 1941 ,
160 1898 356 1964 Tantorum
373 1899 473 1964 nisus
488 1897 624 1963 steriles
636 1897 772 1963 lucrata
790 1899 941 1964 dierum!

725 2036 808 2100 pars
826 2015 964 2100 ignibus
983 2035 1094 2093 enses,

162 2135 252 2198 Pars
265 2134 389 2219 gladiis
404 2137 519 2199 vitant
533 2133 641 2217 ignes,
659 2153 810 2218 casuque
829 2134 997 2217 gemendo

160 2251 311 2317 Incurrit
326 2252 449 2330 fatum,
468 2250 529 2315 fati
546 2250 629 2334 fuga
648 2249 721 2314 sola
739 2249 912 2315 timetur¹.

209 2463 351 2538 Occiso
366 2462 548 2546 Priamo,
563 2460 763 2534 exclamat
779 2466 898 2558 poeta
913 2467 1073 2532 noster:

158 2648 248 2712 Post
265 2649 429 2733 Zephiros
444 2649 527 2732 plus
538 2647 633 2712 laedit
647 2647 767 2721 hiems,
782 2652 863 2730 post
877 2645 1003 2731 gaudia
1015 2646 1146 2722 luctus,

160 2766 261 2828 Unde
273 2765 359 2829 nihil
372 2765 506 2846 meliuS,
521 2785 628 2849 quam
643 2764 690 2828 nil
708 2765 872 2828 habuisse
888 2764 1112 2828 secundum¹.

210 2959 321 3040 Rara
335 2965 472 3032 autem
494 2964 592 3031 sunt
606 2957 704 3029 talia
719 2954 831 3053 apud
850 2977 945 3029 eum
961 2977 970 3040 ;
992 2977 1172 3054 namque

162 3093 411 3169 Gaiiridanae
430 3094 628 3167 orationis
647 3093 763 3175 vitia,
786 3095 994 3190 quantum
1015 3089 1172 3164 efficere

161 3230 312 3327 potuit,
329 3229 496 3313 vitavit;
520 3226 682 3301 subtilis
703 3251 788 3300 esse
825 3225 977 3312 voluit;
1012 3232 1172 3299 naturae

162 3363 344 3449 studuit;
365 3386 461 3437 vera
487 3369 691 3460 rectaque,
714 3363 888 3434 honesto
926 3359 1079 3446 animo,
1102 3367 1175 3434 aut

161 3493 1172 3592 consectatusestsemperautconsectaricredidit.

197 3725 205 3757 ¹
220 3721 264 3772 De
279 3721 360 3772 Bello
381 3720 518 3785 Trojano,
535 3719 583 3770 lib.
600 3720 648 3781 VI,
664 3735 738 3770 vers,
751 3720 805 3770 760.

193 3806 206 3836 ²
222 3801 284 3854 Lib.
302 3800 351 3862 VI,
370 3816 443 3852 vers.
457 3801 512 3851 804.
