2678 4718
609 374 753 426 ..15-

165 524 206 591 et
222 519 408 614 generosi·
425 515 566 590 haberi
584 520 793 613 optarent,
820 536 1010 588 summus
1027 514 1181 588 arbiter

163 651 482 748 exemplumque
510 672 737 734 summum,
754 646 967 722 comm'uni
988 650 1179 723 omnium

159 809 382 870 consensu,
399 786 551 858 electus
572 791 648 857 est.

212 919 388 993 Arthuri
421 920 521 992 dum
552 918 662 991 fama
689 920 864 992 Galliam
895 921 1176 1018 Angliamque

164 1054 398 1140 invadebat,
415 1055 549 1129 Caroli
564 1055 708 1152 Magni
727 1079 894 1142 nomen,
919 1081 943 1129 a
958 1057 1175 1131 Germanis

163 1191 407 1286 praesertim,
443 1189 636 1262 celebrari
669 1191 807 1287 coepit.
848 1191 930 1282 Qui
972 1214 1103 1290 quum
1135 1193 1179 1264 in

164 1323 431 1411 carminibus,
449 1348 542 1421 quae
559 1322 799 1396 cantilenas¹
820 1331 1032 1408 vocarent,
1045 1326 1179 1398 multa

164 1458 252 1556 ejus
272 1459 499 1531 clarissima
514 1457 709 1543 facinora,
727 1459 923 1558 pleraque
938 1460 990 1532 ad
1011 1459 1179 1533 libitum

165 1591 273 1678 ficta,
283 1593 628 1690 consignaverint,
642 1592 1040 1691 eamdeminsignem
1054 1611 1179 1691 quam

165 1733 205 1799 et
223 1726 409 1800 Arthuro
436 1727 643 1812 Britanni,
677 1729 919 1824 Imperatori
950 1727 1176 1810 carissima,
1282 1830 1285 1835 Ι

164 1859 318 1933 famam
331 1861 576 1935 attulerunt.
591 1862 699 1935 Vera
713 1884 902 1959 vanaque
913 1860 964 1933 ad
978 1861 1177 1959 majorem

165 1997 299 2070 herois
314 1995 469 2070 famam
484 2003 522 2069 et
544 2004 591 2070 ut
604 1996 753 2070 melius
767 1998 812 2069 in
831 1997 1066 2095 exemplum
1083 2020 1177 2094 pos·

164 2131 263 2204 teris
296 2139 562 2230 proponatur,
601 2153 727 2228 quam
761 2131 986 2228 saepissime
1020 2131 1172 2210 mixta,

161 2267 286 2352 viros,
303 2267 404 2340 dum
419 2268 516 2340 vitae
532 2268 589 2340 eis
608 2266 759 2341 oblivia
775 2265 1028 2363 praebebant,
1048 2266 1178 2339 virtu·
1219 2301 1222 2307 ·

161 2410 247 2474 tem
276 2402 517 2476 docuerunt.
555 2401 793 2476 Castrorum
836 2401 1175 2497 exercituumque

161 2539 314 2620 motus,
347 2537 572 2608 certamina
598 2543 638 2608 et
659 2534 800 2609 orbem
829 2535 1069 2608 universum
1099 2531 1175 2606 Ca·

160 2669 236 2741 roli
257 2671 425 2766 plenum
443 2672 609 2743 nornine
622 2677 662 2744 et
677 2670 869 2743 victorias
890 2665 1176 2742 innumerabi-

160 2802 231 2889 les,
253 2803 363 2890 novi,
396 2811 442 2877 ut
466 2805 655 2889 Arthuri,
679 2827 884 2900 praecones
906 2802 1174 2875 celebravere.

159 2937 284 3010 Nulla
298 2939 514 3022 animalia,
529 2940 608 3011 nisi
623 2938 779 3025 bellica,
797 2938 968 3035 poeticis
982 2937 1176 3010 commit·

159 3071 283 3144 tenda
314 3071 443 3159 libris,
484 3096 619 3180 neque
644 3072 728 3144 ulla
758 3077 907 3169 praeter
940 3071 1010 3143 illa
1039 3068 1174 3142 Taciti

159 3208 270 3302 operi
285 3209 365 3280 toti·
382 3207 660 3304 praeponenda
672 3205 914 3279 censebant:
932 3205 1081 3304 «Opus
1098 3228 1168 3300 ag·

117 3344 120 3348 ’
157 3338 316 3436 gredior
342 3341 529 3439 opimum
549 3340 725 3428 casibus,
755 3345 874 3414 atrox
893 3339 1059 3436 praeliis,
1085 3336 1175 3409 dis·
1281 3388 1284 3396 -

157 3498 245 3546 cors
265 3473 550 3563 seditionibus,
574 3476 664 3572 ipsa
684 3475 811 3547 etiam
830 3497 929 3570 pace
946 3491 1132 3545 saevum¹.
1154 3497 1172 3540 »

156 3607 305 3698 Quare,
318 3610 643 3682 recentissimam
655 3608 790 3682 herois
804 3607 922 3680 obliti
940 3606 1174 3688 historiam,

189 3758 289 3808 ¹V1de
315 3758 574 3809 Benedictinorum
604 3757 734 3810 Histoire
761 3758 905 3811 litteraire
935 3758 969 3810 cie
995 3757 1025 3808 ia
1050 3757 1176 3817 France,

154 3842 226 3891 tom.
242 3839 321 3901 XIX,
337 3853 364 3905 p.
376 3839 433 3890 626.

186 3930 195 3956 ¹
212 3928 248 3977 V.
266 3928 360 3980 Taciti
376 3928 588 3989 Historiarum,
606 3928 653 3979 lib.
672 3930 693 3990 Ι,
711 3944 775 3994 cap.
793 3928 827 3981 11.
896 3922 900 3926 ’
