2678 4718
574 299 735 351 -106-

160 439 309 504 Camcia¹
328 442 371 524 (a)
391 445 425 503 et
437 443 472 503 in
485 441 630 523 priseas²
643 438 921 522 respirat³libera
940 438 1033 525 leges

58 560 60 563 ’
157 556 198 620 In
212 540 410 620 uumerum¹
420 555 495 641 jam
513 555 649 620 crescit¹
660 556 786 632 honos,
798 559 833 620 te
848 555 954 620 tercia
972 556 1087 639 poscit

158 673 283 737 Infula¹
299 673 352 755 (b),
364 671 439 757 jam
456 671 613 736 meminit
631 672 812 756 vingornia
827 674 953 736 camcia
968 672 1070 737 discit

162 791 344 854 Romanus
359 789 547 855 meditatur
567 809 656 875 apex
669 794 704 853 et
717 789 922 874 naufragua⁷
956 789 1047 872 petri

161 907 350 972 Doctorem
367 909 406 989 (c)
422 909 458 971 in
471 907 594 970 mediis
607 911 767 990 expectat
781 905 906 970 cimbe¹
919 907 1093 991 procellis,

160 1023 214 1088 Tu
231 1025 363 1088 tamen¹
377 1021 546 1087 occiduo¹⁰
560 1023 656 1105 degis
668 1027 903 1106 contenptus¹¹
920 1000 1042 1098 ouili¹¹,

162 1140 303 1204 Tercius
318 1143 485 1219 atoma¹³,
500 1145 682 1224 tomosque
694 1138 886 1204 secundus:
903 1144 1020 1204 etune

163 1256 338 1322 Discreuit
351 1256 526 1342 geminum
540 1275 610 1320 nox
628 1255 806 1320 interiecta
822 1260 1010 1320 serenum¹¹
1030 1277 1036 1318 :

204 1510 214 1545 ¹
230 1505 299 1570 Non
316 1506 418 1589 patrie
440 1514 488 1569 est
510 1508 675 1569 cantuarie
696 1525 812 1570 nomen
825 1508 977 1583 ciuitatis,
993 1517 1040 1571 set
1063 1519 1185 1574 metro-

165 1604 259 1687 polis.
283 1609 355 1651 -¹
387 1605 508 1679 Quibus
544 1605 674 1686 uigebat
702 1614 845 1688 ternpore
872 1606 957 1669 beati
989 1608 1108 1670 thome.
1144 1645 1186 1656 -

165 1708 177 1740 ¹
202 1703 283 1777 Quia
306 1721 489 1787 compressa
511 1712 579 1766 erat
605 1722 663 1787 per
694 1704 844 1786 priorem.
873 1708 949 1750 -¹
981 1705 1072 1767 Prius
1097 1707 1206 1769 enim.

165 1802 272 1885 presul
288 1810 366 1875 erat,
383 1809 461 1884 aput
473 1802 636 1874 ciuitatem
651 1822 713 1884 que
726 1802 842 1864 dicitur
863 1803 1029 1884 wigornie,
1041 1806 1185 1867 secundo

166 1900 425 1983 archiepiscopus
447 1900 577 1963 effeetus
600 1908 648 1964 est
662 1901 756 1964 tertio
771 1921 914 1964 summus
928 1901 1073 1984 pontifex
1097 1902 1184 1965 lutu-

167 2019 231 2074 rus,
248 2000 330 2063 vnde
344 1999 433 2073 dicit,
453 1997 627 2082 wigornia
644 1998 816 2073 meminit,
831 2009 866 2062 ut
879 2001 918 2062 dc
938 2000 1101 2083 preterito,
1117 2000 1186 2064 dis-

169 2095 226 2171 cit,
239 2106 275 2160 ut
287 2100 327 2161 de
339 2097 491 2182 presenti,
503 2095 710 2172 meditatur,
723 2105 759 2159 ut
769 2099 809 2160 de
823 2098 942 2161 futuro.
965 2103 1027 2145 -⁵
1055 2101 1187 2164 Accedit

169 2195 210 2256 ed
229 2195 341 2258 laudes
362 2195 430 2258 eius
452 2194 543 2257 cuius
565 2195 659 2258 titulo
674 2194 794 2257 scribit.
817 2231 857 2241 -
884 2201 896 2235 ¹
922 2197 1025 2260 Uestis
1047 2199 1187 2280 quedam

169 2293 375 2357 sacerdotalis
386 2300 434 2355 est
447 2300 479 2355 et
491 2293 622 2376 ponitur
633 2293 687 2355 hic
701 2311 759 2376 pro
773 2293 928 2374 dignitate
944 2295 1132 2378 pontificali.
1147 2333 1188 2343 -

170 2393 326 2475 ¹Propter
354 2392 444 2454 uitia.
460 2392 560 2454 —¹l.
578 2412 606 2456 e.
626 2392 759 2455 ecclesia
789 2394 870 2476 petri
895 2393 947 2455 cui
973 2395 1122 2458 dominus
1143 2397 1188 2466 ait

170 2491 286 2554 faciem
311 2499 342 2553 te
366 2491 558 2573 piscatorem
581 2491 760 2554 hominurn.
776 2527 817 2537 -
842 2494 854 2527 ¹
877 2491 1030 2567 Quamuis
1056 2511 1190 2557 romane

171 2589 310 2671 dignitas
327 2597 437 2673 poscat
459 2598 490 2652 te
504 2589 698 2673 pontificem.
715 2625 755 2635 —
768 2593 792 2626 ¹⁰
806 2589 927 2653 Dicitur
947 2609 1047 2674 quurn
1071 2593 1188 2673 Anglie

173 2689 232 2752 site
242 2688 275 2750 in
284 2688 458 2751 occidente.
470 2723 510 2734 —
521 2692 542 2725 ¹¹
557 2688 604 2750 lta
617 2697 706 2752 notat
717 2687 1011 2752 esseambisiosum.
1025 2724 1066 2736 —
1081 2693 1106 2763 ¹¹
1116 2691 1140 2752 l.
1157 2711 1186 2753 e.

173 2806 251 2850 cure
262 2786 468 2850 occidentalis
479 2787 610 2849 ecclesie
622 2787 711 2850 euius
721 2794 830 2869 pastor
839 2788 1025 2851 est.-¹³lte
1041 2788 1189 2852 determi-

174 2894 230 2948 nat
251 2885 368 2967 dequo
394 2886 479 2948 dicat
496 2908 502 2947 :
521 2885 644 2948 tercius
670 2886 702 2948 in
718 2887 914 2951 successione
938 2887 1186 2970 possessionum,

174 2983 344 3049 secundus
364 2985 396 3048 in
419 2985 563 3049 moribus
585 2986 641 3069 qui
663 2987 755 3049 annis
783 2987 941 3049 secundus
959 2995 1027 3049 erat
1060 2987 1093 3049 in
1117 3007 1190 3071 pos·

176 3086 326 3160 sessione,
342 3103 473 3168 prorsus
495 3085 660 3149 dissimilis
683 3094 751 3149 erat
774 3086 806 3148 in
821 3104 947 3150 morum
970 3086 1186 3162 obseruantia,

177 3183 261 3245 unde
274 3182 381 3246 subdit
396 3187 430 3246 et
445 3204 517 3247 urea
531 3204 601 3247 nox
615 3185 682 3268 ipse
700 3185 786 3248 enim
808 3204 872 3248 non
894 3192 962 3247 erat
974 3185 1030 3246 lux
1042 3185 1187 3261 ecclesie,

178 3289 225 3342 set
240 3281 345 3363 potius
363 3300 437 3345 nox.
458 3319 499 3329 -
519 3282 767 3358 ¹¹Serinitatem,
781 3283 857 3365 quia
883 3283 1007 3346 medius
1028 3283 1190 3346 eretinter

178 3378 307 3441 beatum
321 3389 443 3444 tomam
464 3390 495 3443 et
509 3380 642 3443 tercium
661 3381 702 3443 ab
723 3381 779 3443 illo
803 3399 941 3463 quorum
964 3388 1098 3462 uterque
1120 3389 1190 3443 erat

179 3479 331 3559 serenitas
346 3497 478 3560 ecclesie
495 3505 527 3559 et
547 3497 762 3578 tranquillitas
784 3496 951 3558 inoffensa.

216 3711 255 3776 (a)
270 3712 358 3778 Apud
372 3711 552 3764 Dresemium
572 3725 641 3762 vero
656 3713 685 3760 et
706 3707 785 3775 apud
799 3709 934 3760 Morum:
950 3729 964 3754 α
981 3710 1047 3773 Quo
1062 3709 1188 3774 proeside

181 3792 423 3844 ssorethsta.»
439 3821 467 3831 -
498 3793 535 3856 (b)
552 3791 669 3856 Legitur
696 3789 825 3851 ιίηειιῑα,
851 3789 929 3857 apud
944 3789 1142 3858 cambdenum
1161 3795 1190 3842 et

179 3872 300 3923 Burton.
320 3873 394 3924 Vide
419 3873 493 3924 infra
508 3870 656 3923 Addendc.
673 3898 700 3909 -
716 3872 748 3933 (c)
763 3871 828 3936 Leg.
847 3870 1004 3924 ductorem.
1064 3927 1068 3935 ⁸
