<?xml version="1.0" encoding="UTF-8"?>
<!DOCTYPE html PUBLIC "-//W3C//DTD XHTML 1.0 Transitional//EN"
    "http://www.w3.org/TR/xhtml1/DTD/xhtml1-transitional.dtd">
<html xmlns="http://www.w3.org/1999/xhtml" xml:lang="en" lang="en">
 <head>
  <title>
</title>
<meta http-equiv="Content-Type" content="text/html;charset=utf-8" />
  <meta name='ocr-system' content='tesseract 3.04.00' />
  <meta name='ocr-capabilities' content='ocr_page ocr_carea ocr_par ocr_line ocrx_word'/>
</head>
<body>
  <div class='ocr_page' id='page_1' title='image "./dejosephoexonie00jussgoog_0128.png"; bbox 0 0 2678 4718; ppageno 0'>
   <div class='ocr_carea' id='block_1_1' title="bbox 597 310 759 367">
    <p class='ocr_par' dir='ltr' id='par_1_1' title="bbox 597 310 759 367">
     <span class='ocr_line' id='line_1_1' title="bbox 597 310 759 367; baseline 0 -2"><span class='ocrx_word' id='word_1_1' title='bbox 597 310 759 367; x_wconf 51' lang='lat'><strong>-1214</strong></span> 
     </span>
    </p>
   </div>
   <div class='ocr_carea' id='block_1_2' title="bbox 159 434 1184 3425">
    <p class='ocr_par' dir='ltr' id='par_1_2' title="bbox 159 434 1184 2877">
     <span class='ocr_line' id='line_1_2' title="bbox 167 434 965 536; baseline 0.001 -21"><span class='ocrx_word' id='word_1_2' title='bbox 167 443 337 517; x_wconf 65' lang='lat' dir='ltr'>&#39;Sarulicis</span> <span class='ocrx_word' id='word_1_3' title='bbox 352 434 421 518; x_wconf 60' lang='lat' dir='ltr'>&#39;cesi</span> <span class='ocrx_word' id='word_1_4' title='bbox 437 454 478 534; x_wconf 83' lang='lat' dir='ltr'>(a)</span> <span class='ocrx_word' id='word_1_5' title='bbox 494 471 565 519; x_wconf 88' lang='lat' dir='ltr'>non</span> <span class='ocrx_word' id='word_1_6' title='bbox 577 451 654 517; x_wconf 91' lang='lat' dir='ltr'>uiso</span> <span class='ocrx_word' id='word_1_7' title='bbox 668 450 777 516; x_wconf 86' lang='lat' dir='ltr'>milite</span> <span class='ocrx_word' id='word_1_8' title='bbox 794 451 907 536; x_wconf 81' lang='lat' dir='ltr'>jussjs</span> <span class='ocrx_word' id='word_1_9' title='bbox 925 454 965 534; x_wconf 76' lang='lat' dir='ltr'>(bl</span> 
     </span>
     <span class='ocr_line' id='line_1_3' title="bbox 171 554 1085 656; baseline 0.002 -23"><span class='ocrx_word' id='word_1_10' title='bbox 171 569 263 656; x_wconf 91' lang='lat' dir='ltr'>Ergo</span> <span class='ocrx_word' id='word_1_11' title='bbox 278 571 382 634; x_wconf 85' lang='lat' dir='ltr'>minis</span> <span class='ocrx_word' id='word_1_12' title='bbox 396 571 610 655; x_wconf 87' lang='lat' dir='ltr'>frangendus</span> <span class='ocrx_word' id='word_1_13' title='bbox 625 554 719 635; x_wconf 79' lang='lat' dir='ltr'>eram</span> <span class='ocrx_word' id='word_1_14' title='bbox 735 572 826 654; x_wconf 89' lang='lat' dir='ltr'>proh</span> <span class='ocrx_word' id='word_1_15' title='bbox 837 571 910 634; x_wconf 90' lang='lat' dir='ltr'>fata</span> <span class='ocrx_word' id='word_1_16' title='bbox 924 571 1085 654; x_wconf 87' lang='lat' dir='ltr'>pudenda</span> 
     </span>
     <span class='ocr_line' id='line_1_4' title="bbox 170 687 1042 773; baseline 0 -23"><span class='ocrx_word' id='word_1_17' title='bbox 170 687 281 766; x_wconf 88' lang='lat' dir='ltr'><strong>Proh,</strong></span> <span class='ocrx_word' id='word_1_18' title='bbox 299 689 429 751; x_wconf 86' lang='lat' dir='ltr'><strong>crimen</strong></span> <span class='ocrx_word' id='word_1_19' title='bbox 446 708 613 773; x_wconf 86' lang='lat' dir='ltr'>superum</span> <span class='ocrx_word' id='word_1_20' title='bbox 628 687 870 752; x_wconf 87' lang='lat' dir='ltr'>fatoiunonior</span> <span class='ocrx_word' id='word_1_21' title='bbox 882 691 932 768; x_wconf 85' lang='lat' dir='ltr'><strong>(c)¹</strong></span> <span class='ocrx_word' id='word_1_22' title='bbox 949 687 1042 771; x_wconf 90' lang='lat' dir='ltr'>omnj</span> 
     </span>
     <span class='ocr_line' id='line_1_5' title="bbox 167 802 1184 893; baseline 0.003 -27"><span class='ocrx_word' id='word_1_23' title='bbox 167 802 294 867; x_wconf 84' lang='lat' dir='ltr'>Nescio</span> <span class='ocrx_word' id='word_1_24' title='bbox 310 807 389 893; x_wconf 84' lang='lat' dir='ltr'>quis</span> <span class='ocrx_word' id='word_1_25' title='bbox 406 805 498 869; x_wconf 81' lang='lat' dir='ltr'>fame</span> <span class='ocrx_word' id='word_1_26' title='bbox 514 807 677 868; x_wconf 88' lang='lat' dir='ltr'>meritum</span> <span class='ocrx_word' id='word_1_27' title='bbox 696 804 797 867; x_wconf 83' lang='lat' dir='ltr'>scidit</span> <span class='ocrx_word' id='word_1_28' title='bbox 818 823 915 867; x_wconf 86' lang='lat' dir='ltr'>arma</span> <span class='ocrx_word' id='word_1_29' title='bbox 938 805 1118 871; x_wconf 90' lang='lat' dir='ltr'>reuulsum</span> <span class='ocrx_word' id='word_1_30' title='bbox 1135 807 1184 890; x_wconf 83' lang='lat' dir='ltr'>(d)</span> 
     </span>
     <span class='ocr_line' id='line_1_6' title="bbox 168 919 1076 1004; baseline 0.001 -20"><span class='ocrx_word' id='word_1_31' title='bbox 168 921 250 984; x_wconf 90' lang='lat' dir='ltr'>Non</span> <span class='ocrx_word' id='word_1_32' title='bbox 264 919 408 987; x_wconf 82' lang='lat' dir='ltr'>deerant</span> <span class='ocrx_word' id='word_1_33' title='bbox 421 921 553 998; x_wconf 89' lang='lat' dir='ltr'>hostes,</span> <span class='ocrx_word' id='word_1_34' title='bbox 570 923 593 994; x_wconf 88' lang='lat' dir='ltr'>i,</span> <span class='ocrx_word' id='word_1_35' title='bbox 606 939 698 984; x_wconf 91' lang='lat' dir='ltr'>nunc</span> <span class='ocrx_word' id='word_1_36' title='bbox 713 925 747 983; x_wconf 87' lang='lat' dir='ltr'>et</span> <span class='ocrx_word' id='word_1_37' title='bbox 762 923 877 1004; x_wconf 88' lang='lat' dir='ltr'>prisca</span> <span class='ocrx_word' id='word_1_38' title='bbox 890 920 1076 985; x_wconf 89' lang='lat' dir='ltr'>reuoluens</span> 
     </span>
     <span class='ocr_line' id='line_1_7' title="bbox 168 1037 1039 1122; baseline 0.001 -21"><span class='ocrx_word' id='word_1_39' title='bbox 168 1037 373 1122; x_wconf 90' lang='lat' dir='ltr'>Priuignum</span> <span class='ocrx_word' id='word_1_40' title='bbox 386 1037 513 1103; x_wconf 91' lang='lat' dir='ltr'>mirare</span> <span class='ocrx_word' id='word_1_41' title='bbox 527 1043 629 1102; x_wconf 86' lang='lat' dir='ltr'>tuum</span> <span class='ocrx_word' id='word_1_42' title='bbox 649 1037 740 1101; x_wconf 90' lang='lat' dir='ltr'>iouis</span> <span class='ocrx_word' id='word_1_43' title='bbox 757 1037 875 1101; x_wconf 87' lang='lat' dir='ltr'>inclita</span> <span class='ocrx_word' id='word_1_44' title='bbox 890 1037 1039 1102; x_wconf 87' lang='lat' dir='ltr'>coniunx</span> 
     </span>
     <span class='ocr_line' id='line_1_8' title="bbox 167 1154 819 1239; baseline 0 -22"><span class='ocrx_word' id='word_1_45' title='bbox 167 1154 293 1219; x_wconf 90' lang='lat' dir='ltr'>Vicisti</span> <span class='ocrx_word' id='word_1_46' title='bbox 307 1155 419 1220; x_wconf 85' lang='lat' dir='ltr'>fateor</span> <span class='ocrx_word' id='word_1_47' title='bbox 432 1155 505 1239; x_wconf 83' lang='lat' dir='ltr'>fugi</span> <span class='ocrx_word' id='word_1_48' title='bbox 521 1154 665 1220; x_wconf 86' lang='lat' dir='ltr'>uictoria</span> <span class='ocrx_word' id='word_1_49' title='bbox 681 1174 819 1218; x_wconf 89' lang='lat' dir='ltr'>summa</span> 
     </span>
     <span class='ocr_line' id='line_1_9' title="bbox 167 1258 903 1356; baseline -0.004 -20"><span class='ocrx_word' id='word_1_50' title='bbox 167 1271 314 1336; x_wconf 66' lang='lat' dir='ltr'>Alciden</span> <span class='ocrx_word' id='word_1_51' title='bbox 328 1271 459 1356; x_wconf 86' lang='lat' dir='ltr'>fugisse</span> <span class='ocrx_word' id='word_1_52' title='bbox 475 1271 540 1334; x_wconf 86' lang='lat' dir='ltr'>fuit</span> <span class='ocrx_word' id='word_1_53' title='bbox 555 1258 730 1335; x_wconf 76' lang='lat' dir='ltr'>rursusne</span> <span class='ocrx_word' id='word_1_54' title='bbox 742 1290 903 1335; x_wconf 90' lang='lat' dir='ltr'>seuerum</span> 
     </span>
     <span class='ocr_line' id='line_1_10' title="bbox 167 1387 960 1473; baseline 0 -22"><span class='ocrx_word' id='word_1_55' title='bbox 167 1389 320 1473; x_wconf 89' lang='lat' dir='ltr'>Dignare</span> <span class='ocrx_word' id='word_1_56' title='bbox 335 1388 527 1453; x_wconf 87' lang='lat' dir='ltr'>carnificem</span> <span class='ocrx_word' id='word_1_57' title='bbox 539 1391 670 1452; x_wconf 88' lang='lat' dir='ltr'>nostris</span> <span class='ocrx_word' id='word_1_58' title='bbox 685 1387 848 1451; x_wconf 82' lang='lat' dir='ltr'>euristea¹</span> <span class='ocrx_word' id='word_1_59' title='bbox 862 1387 960 1470; x_wconf 90' lang='lat' dir='ltr'>penis</span> 
     </span>
     <span class='ocr_line' id='line_1_11' title="bbox 173 1503 1055 1588; baseline -0.002 -21"><span class='ocrx_word' id='word_1_60' title='bbox 173 1504 345 1570; x_wconf 86' lang='lat' dir='ltr'>Silernam</span> <span class='ocrx_word' id='word_1_61' title='bbox 356 1505 472 1588; x_wconf 87' lang='lat' dir='ltr'>domuj</span> <span class='ocrx_word' id='word_1_62' title='bbox 491 1505 530 1586; x_wconf 80' lang='lat' dir='ltr'>(e)</span> <span class='ocrx_word' id='word_1_63' title='bbox 545 1504 575 1569; x_wconf 92' lang='lat' dir='ltr'>si</span> <span class='ocrx_word' id='word_1_64' title='bbox 586 1505 747 1568; x_wconf 84' lang='lat' dir='ltr'>cerberus</span> <span class='ocrx_word' id='word_1_65' title='bbox 761 1523 820 1581; x_wconf 89' lang='lat' dir='ltr'>ore</span> <span class='ocrx_word' id='word_1_66' title='bbox 836 1503 971 1568; x_wconf 80' lang='lat' dir='ltr'>trifauci</span> <span class='ocrx_word' id='word_1_67' title='bbox 1052 1562 1055 1565; x_wconf 77' lang='grc'><strong><em>,</em></strong></span> 
     </span>
     <span class='ocr_line' id='line_1_12' title="bbox 165 1620 960 1711; baseline -0.003 -25"><span class='ocrx_word' id='word_1_68' title='bbox 165 1622 213 1686; x_wconf 82' lang='lat' dir='ltr'>Jn</span> <span class='ocrx_word' id='word_1_69' title='bbox 231 1622 395 1705; x_wconf 88' lang='lat' dir='ltr'>scopulos</span> <span class='ocrx_word' id='word_1_70' title='bbox 410 1621 548 1686; x_wconf 87' lang='lat' dir='ltr'>dodona</span> <span class='ocrx_word' id='word_1_71' title='bbox 560 1625 643 1711; x_wconf 87' lang='lat' dir='ltr'>tuos</span> <span class='ocrx_word' id='word_1_72' title='bbox 658 1620 821 1685; x_wconf 86' lang='lat' dir='ltr'>achonita</span> <span class='ocrx_word' id='word_1_73' title='bbox 833 1620 960 1684; x_wconf 87' lang='lat' dir='ltr'>refudit</span> 
     </span>
     <span class='ocr_line' id='line_1_13' title="bbox 165 1738 1040 1824; baseline -0.002 -20"><span class='ocrx_word' id='word_1_74' title='bbox 165 1740 202 1804; x_wconf 88' lang='lat' dir='ltr'>Si</span> <span class='ocrx_word' id='word_1_75' title='bbox 215 1743 334 1824; x_wconf 85' lang='lat' dir='ltr'>grauis</span> <span class='ocrx_word' id='word_1_76' title='bbox 347 1740 500 1806; x_wconf 81' lang='lat' dir='ltr'>antheus</span> <span class='ocrx_word' id='word_1_77' title='bbox 515 1743 652 1823; x_wconf 81' lang='lat' dir='ltr'>gratam</span> <span class='ocrx_word' id='word_1_78' title='bbox 668 1757 862 1822; x_wconf 87' lang='lat' dir='ltr'>suspensus</span> <span class='ocrx_word' id='word_1_79' title='bbox 874 1738 1040 1805; x_wconf 87' lang='lat' dir='ltr'>harenam</span> 
     </span>
     <span class='ocr_line' id='line_1_14' title="bbox 164 1855 869 1941; baseline -0.006 -21"><span class='ocrx_word' id='word_1_80' title='bbox 164 1857 301 1922; x_wconf 87' lang='lat' dir='ltr'>Dedicit</span> <span class='ocrx_word' id='word_1_81' title='bbox 314 1857 439 1921; x_wconf 89' lang='lat' dir='ltr'>mirare</span> <span class='ocrx_word' id='word_1_82' title='bbox 452 1861 523 1921; x_wconf 83' lang='lat' dir='ltr'>reo³</span> <span class='ocrx_word' id='word_1_83' title='bbox 534 1856 575 1941; x_wconf 66' lang='lat' dir='ltr'>(fl</span> <span class='ocrx_word' id='word_1_84' title='bbox 589 1858 618 1920; x_wconf 91' lang='lat' dir='ltr'>si</span> <span class='ocrx_word' id='word_1_85' title='bbox 633 1861 747 1919; x_wconf 89' lang='lat' dir='ltr'>cetera</span> <span class='ocrx_word' id='word_1_86' title='bbox 756 1855 869 1917; x_wconf 91' lang='lat' dir='ltr'>mondi</span> 
     </span>
     <span class='ocr_line' id='line_1_15' title="bbox 164 1971 1052 2057; baseline -0.001 -20"><span class='ocrx_word' id='word_1_87' title='bbox 164 1973 325 2038; x_wconf 89' lang='lat' dir='ltr'>Monstra</span> <span class='ocrx_word' id='word_1_88' title='bbox 338 1973 541 2057; x_wconf 89' lang='lat' dir='ltr'>triumphali</span> <span class='ocrx_word' id='word_1_89' title='bbox 555 1973 651 2057; x_wconf 87' lang='lat' dir='ltr'>potuj</span> <span class='ocrx_word' id='word_1_90' title='bbox 676 1992 914 2037; x_wconf 89' lang='lat' dir='ltr'>consummere</span> <span class='ocrx_word' id='word_1_91' title='bbox 929 1971 1052 2037; x_wconf 87' lang='lat' dir='ltr'>dextra</span> 
     </span>
     <span class='ocr_line' id='line_1_16' title="bbox 164 2088 1033 2177; baseline -0.002 -22"><span class='ocrx_word' id='word_1_92' title='bbox 164 2090 212 2155; x_wconf 87' lang='lat' dir='ltr'>Jn</span> <span class='ocrx_word' id='word_1_93' title='bbox 231 2091 387 2177; x_wconf 91' lang='lat' dir='ltr'>phrigios</span> <span class='ocrx_word' id='word_1_94' title='bbox 401 2091 513 2155; x_wconf 91' lang='lat' dir='ltr'>dicam</span> <span class='ocrx_word' id='word_1_95' title='bbox 524 2111 568 2154; x_wconf 90' lang='lat' dir='ltr'>ne</span> <span class='ocrx_word' id='word_1_96' title='bbox 581 2091 677 2153; x_wconf 93' lang='lat' dir='ltr'>uiros</span> <span class='ocrx_word' id='word_1_97' title='bbox 693 2091 930 2174; x_wconf 82' lang='lat' dir='ltr'>humanaque⁴</span> <span class='ocrx_word' id='word_1_98' title='bbox 944 2088 1033 2153; x_wconf 87' lang='lat' dir='ltr'>bella</span> 
     </span>
     <span class='ocr_line' id='line_1_17' title="bbox 162 2207 1002 2293; baseline -0.004 -21"><span class='ocrx_word' id='word_1_99' title='bbox 162 2208 374 2293; x_wconf 88' lang='lat' dir='ltr'>Depotuisse</span> <span class='ocrx_word' id='word_1_100' title='bbox 387 2208 495 2291; x_wconf 90' lang='lat' dir='ltr'>pudet</span> <span class='ocrx_word' id='word_1_101' title='bbox 510 2208 644 2272; x_wconf 83' lang='lat' dir='ltr'>sedeur</span> <span class='ocrx_word' id='word_1_102' title='bbox 659 2208 750 2271; x_wconf 89' lang='lat' dir='ltr'>clare</span> <span class='ocrx_word' id='word_1_103' title='bbox 764 2212 843 2271; x_wconf 88' lang='lat' dir='ltr'>acta</span> <span class='ocrx_word' id='word_1_104' title='bbox 860 2207 1002 2270; x_wconf 88' lang='lat' dir='ltr'>reuoluo</span> 
     </span>
     <span class='ocr_line' id='line_1_18' title="bbox 161 2323 880 2409; baseline -0.001 -22"><span class='ocrx_word' id='word_1_105' title='bbox 161 2324 329 2409; x_wconf 86' lang='lat' dir='ltr'>Degenerj</span> <span class='ocrx_word' id='word_1_106' title='bbox 345 2324 488 2408; x_wconf 74' lang='lat' dir='ltr'>grauius</span> <span class='ocrx_word' id='word_1_107' title='bbox 504 2324 636 2388; x_wconf 86' lang='lat' dir='ltr'>accedit</span> <span class='ocrx_word' id='word_1_108' title='bbox 649 2324 771 2407; x_wconf 79' lang='lat' dir='ltr'>gloria⁵</span> <span class='ocrx_word' id='word_1_109' title='bbox 789 2323 880 2388; x_wconf 85' lang='lat' dir='ltr'>facto</span> 
     </span>
     <span class='ocr_line' id='line_1_19' title="bbox 161 2440 1010 2527; baseline -0.001 -21"><span class='ocrx_word' id='word_1_110' title='bbox 161 2443 228 2526; x_wconf 88' lang='lat' dir='ltr'>Quj</span> <span class='ocrx_word' id='word_1_111' title='bbox 245 2443 367 2527; x_wconf 90' lang='lat' dir='ltr'>pocjus</span> <span class='ocrx_word' id='word_1_112' title='bbox 383 2441 470 2504; x_wconf 89' lang='lat' dir='ltr'>seris</span> <span class='ocrx_word' id='word_1_113' title='bbox 485 2441 623 2525; x_wconf 82' lang='lat' dir='ltr'>gladius</span> <span class='ocrx_word' id='word_1_114' title='bbox 639 2441 720 2525; x_wconf 93' lang='lat' dir='ltr'>quid</span> <span class='ocrx_word' id='word_1_115' title='bbox 735 2440 889 2505; x_wconf 85' lang='lat' dir='ltr'>conferat</span> <span class='ocrx_word' id='word_1_116' title='bbox 912 2445 1010 2505; x_wconf 88' lang='lat' dir='ltr'>ausis</span> 
     </span>
     <span class='ocr_line' id='line_1_20' title="bbox 159 2556 1096 2647; baseline 0.002 -25"><span class='ocrx_word' id='word_1_117' title='bbox 159 2559 400 2622; x_wconf 85' lang='lat' dir='ltr'>Monstrorum</span> <span class='ocrx_word' id='word_1_118' title='bbox 414 2556 564 2647; x_wconf 85' lang='lat' dir='ltr'>domjtor</span> <span class='ocrx_word' id='word_1_119' title='bbox 575 2557 794 2642; x_wconf 88' lang='lat' dir='ltr'>reminjscere</span> <span class='ocrx_word' id='word_1_120' title='bbox 809 2579 973 2642; x_wconf 88' lang='lat' dir='ltr'>pergama</span> <span class='ocrx_word' id='word_1_121' title='bbox 988 2578 1096 2643; x_wconf 86' lang='lat' dir='ltr'>penas</span> 
     </span>
     <span class='ocr_line' id='line_1_21' title="bbox 160 2662 994 2760; baseline 0.001 -22"><span class='ocrx_word' id='word_1_122' title='bbox 160 2674 322 2740; x_wconf 90' lang='lat' dir='ltr'>Pendant</span> <span class='ocrx_word' id='word_1_123' title='bbox 337 2680 372 2738; x_wconf 84' lang='lat' dir='ltr'>et</span> <span class='ocrx_word' id='word_1_124' title='bbox 386 2675 519 2758; x_wconf 85' lang='lat' dir='ltr'>merjtis</span> <span class='ocrx_word' id='word_1_125' title='bbox 534 2662 704 2758; x_wconf 80' lang='lat' dir='ltr'>periuros⁸</span> <span class='ocrx_word' id='word_1_126' title='bbox 715 2674 818 2757; x_wconf 89' lang='lat' dir='ltr'>perde</span> <span class='ocrx_word' id='word_1_127' title='bbox 833 2675 931 2760; x_wconf 87' lang='lat' dir='ltr'>rujne</span> <span class='ocrx_word' id='word_1_128' title='bbox 947 2676 994 2760; x_wconf 76' lang='lat'>(9)</span> 
     </span>
     <span class='ocr_line' id='line_1_22' title="bbox 160 2790 1055 2877; baseline 0 -21"><span class='ocrx_word' id='word_1_129' title='bbox 160 2792 216 2856; x_wconf 89' lang='lat' dir='ltr'>Sic</span> <span class='ocrx_word' id='word_1_130' title='bbox 230 2792 356 2877; x_wconf 81' lang='lat' dir='ltr'>phebo⁷</span> <span class='ocrx_word' id='word_1_131' title='bbox 371 2791 571 2876; x_wconf 90' lang='lat' dir='ltr'>liquidoque</span> <span class='ocrx_word' id='word_1_132' title='bbox 585 2790 654 2876; x_wconf 89' lang='lat' dir='ltr'>iouj</span> <span class='ocrx_word' id='word_1_133' title='bbox 671 2792 816 2857; x_wconf 91' lang='lat' dir='ltr'>ducture</span> <span class='ocrx_word' id='word_1_134' title='bbox 838 2794 1055 2877; x_wconf 85' lang='lat' dir='ltr'>triumphum</span> 
     </span>
    </p>

    <p class='ocr_par' dir='ltr' id='par_1_3' title="bbox 159 2945 1177 3425">
     <span class='ocr_line' id='line_1_23' title="bbox 202 2945 1176 3030; baseline 0.002 -21"><span class='ocrx_word' id='word_1_135' title='bbox 202 2950 211 2985; x_wconf 85' lang='lat'>¹</span> <span class='ocrx_word' id='word_1_136' title='bbox 227 2945 446 3010; x_wconf 86' lang='lat' dir='ltr'>Nouereatior.</span> <span class='ocrx_word' id='word_1_137' title='bbox 463 2983 503 2992; x_wconf 90' lang='lat'><em>-</em></span> <span class='ocrx_word' id='word_1_138' title='bbox 517 2946 602 3008; x_wconf 79' lang='lat' dir='ltr'>&#39;lste</span> <span class='ocrx_word' id='word_1_139' title='bbox 624 2947 744 3009; x_wconf 82' lang='lat' dir='ltr'>arbiter</span> <span class='ocrx_word' id='word_1_140' title='bbox 768 2956 837 3010; x_wconf 89' lang='lat' dir='ltr'>erat</span> <span class='ocrx_word' id='word_1_141' title='bbox 852 2947 980 3009; x_wconf 89' lang='lat' dir='ltr'>iunonis</span> <span class='ocrx_word' id='word_1_142' title='bbox 992 2947 1048 3030; x_wconf 85' lang='lat' dir='ltr'>qui</span> <span class='ocrx_word' id='word_1_143' title='bbox 1063 2949 1176 3011; x_wconf 86' lang='lat' dir='ltr'>hereu-</span> 
     </span>
     <span class='ocr_line' id='line_1_24' title="bbox 160 3045 1173 3113; baseline -0.001 -3"><span class='ocrx_word' id='word_1_144' title='bbox 160 3046 224 3113; x_wconf 89' lang='lat' dir='ltr'>lem</span> <span class='ocrx_word' id='word_1_145' title='bbox 249 3046 290 3108; x_wconf 91' lang='lat' dir='ltr'>ad</span> <span class='ocrx_word' id='word_1_146' title='bbox 305 3045 432 3107; x_wconf 88' lang='lat' dir='ltr'>diuersa</span> <span class='ocrx_word' id='word_1_147' title='bbox 460 3053 603 3107; x_wconf 87' lang='lat' dir='ltr'>monstra</span> <span class='ocrx_word' id='word_1_148' title='bbox 634 3045 793 3108; x_wconf 84' lang='lat' dir='ltr'>uincenda</span> <span class='ocrx_word' id='word_1_149' title='bbox 815 3045 972 3108; x_wconf 87' lang='lat' dir='ltr'>mittebat.</span> <span class='ocrx_word' id='word_1_150' title='bbox 987 3083 1024 3092; x_wconf 96' lang='lat'>—</span> <span class='ocrx_word' id='word_1_151' title='bbox 1041 3047 1050 3082; x_wconf 81' lang='lat'>³</span> <span class='ocrx_word' id='word_1_152' title='bbox 1066 3046 1173 3109; x_wconf 85' lang='lat' dir='ltr'>Terra.</span> 
     </span>
     <span class='ocr_line' id='line_1_25' title="bbox 159 3143 1177 3228; baseline 0.002 -22"><span class='ocrx_word' id='word_1_153' title='bbox 159 3181 200 3193; x_wconf 90' lang='lat'>—</span> <span class='ocrx_word' id='word_1_154' title='bbox 215 3148 227 3181; x_wconf 79' lang='lat'><strong>⁴</strong></span> <span class='ocrx_word' id='word_1_155' title='bbox 241 3144 339 3218; x_wconf 84' lang='lat' dir='ltr'>Quasi</span> <span class='ocrx_word' id='word_1_156' title='bbox 353 3143 472 3206; x_wconf 82' lang='lat' dir='ltr'>diceret</span> <span class='ocrx_word' id='word_1_157' title='bbox 487 3163 561 3206; x_wconf 88' lang='lat' dir='ltr'>eum</span> <span class='ocrx_word' id='word_1_158' title='bbox 572 3152 716 3207; x_wconf 87' lang='lat' dir='ltr'>monstra</span> <span class='ocrx_word' id='word_1_159' title='bbox 733 3144 820 3206; x_wconf 82' lang='lat' dir='ltr'>uinci</span> <span class='ocrx_word' id='word_1_160' title='bbox 832 3145 925 3206; x_wconf 92' lang='lat' dir='ltr'>doleo</span> <span class='ocrx_word' id='word_1_161' title='bbox 941 3146 1040 3228; x_wconf 92' lang='lat' dir='ltr'>pudet</span> <span class='ocrx_word' id='word_1_162' title='bbox 1055 3145 1095 3207; x_wconf 90' lang='lat' dir='ltr'>ab</span> <span class='ocrx_word' id='word_1_163' title='bbox 1110 3164 1177 3208; x_wconf 90' lang='lat' dir='ltr'>om-</span> 
     </span>
     <span class='ocr_line' id='line_1_26' title="bbox 161 3241 1176 3317; baseline 0.003 -12"><span class='ocrx_word' id='word_1_164' title='bbox 161 3243 256 3306; x_wconf 90' lang='lat' dir='ltr'>nibus</span> <span class='ocrx_word' id='word_1_165' title='bbox 282 3242 380 3305; x_wconf 89' lang='lat' dir='ltr'>uinei.</span> <span class='ocrx_word' id='word_1_166' title='bbox 397 3278 437 3288; x_wconf 91' lang='lat'>-</span> <span class='ocrx_word' id='word_1_167' title='bbox 451 3246 463 3279; x_wconf 81' lang='lat'>⁵</span> <span class='ocrx_word' id='word_1_168' title='bbox 475 3242 556 3316; x_wconf 82' lang='lat' dir='ltr'>Quia</span> <span class='ocrx_word' id='word_1_169' title='bbox 569 3261 633 3305; x_wconf 89' lang='lat' dir='ltr'>non</span> <span class='ocrx_word' id='word_1_170' title='bbox 648 3241 730 3306; x_wconf 90' lang='lat' dir='ltr'>bene</span> <span class='ocrx_word' id='word_1_171' title='bbox 752 3250 916 3317; x_wconf 83' lang='lat' dir='ltr'>consonat,</span> <span class='ocrx_word' id='word_1_172' title='bbox 941 3243 1026 3307; x_wconf 82' lang='lat' dir='ltr'>istud</span> <span class='ocrx_word' id='word_1_173' title='bbox 1041 3245 1125 3307; x_wconf 88' lang='lat' dir='ltr'>male</span> <span class='ocrx_word' id='word_1_174' title='bbox 1139 3244 1176 3310; x_wconf 94' lang='lat' dir='ltr'>il-</span> 
     </span>
     <span class='ocr_line' id='line_1_27' title="bbox 159 3340 1174 3425; baseline 0.004 -22"><span class='ocrx_word' id='word_1_175' title='bbox 159 3340 217 3403; x_wconf 92' lang='lat' dir='ltr'>lud</span> <span class='ocrx_word' id='word_1_176' title='bbox 242 3341 335 3403; x_wconf 89' lang='lat' dir='ltr'>bene.</span> <span class='ocrx_word' id='word_1_177' title='bbox 364 3377 404 3387; x_wconf 93' lang='lat'>—</span> <span class='ocrx_word' id='word_1_178' title='bbox 433 3341 602 3424; x_wconf 80' lang='lat' dir='ltr'>⁶Respieit</span> <span class='ocrx_word' id='word_1_179' title='bbox 626 3343 668 3404; x_wconf 91' lang='lat' dir='ltr'>ad</span> <span class='ocrx_word' id='word_1_180' title='bbox 682 3340 919 3405; x_wconf 83' lang='lat' dir='ltr'>laomedontem</span> <span class='ocrx_word' id='word_1_181' title='bbox 943 3342 998 3424; x_wconf 90' lang='lat' dir='ltr'>qui</span> <span class='ocrx_word' id='word_1_182' title='bbox 1012 3343 1118 3425; x_wconf 92' lang='lat' dir='ltr'>phebo</span> <span class='ocrx_word' id='word_1_183' title='bbox 1143 3352 1174 3407; x_wconf 90' lang='lat' dir='ltr'>et</span> 
     </span>
    </p>
   </div>
   <div class='ocr_carea' id='block_1_3' title="bbox 161 3439 1173 3611">
    <p class='ocr_par' dir='ltr' id='par_1_4' title="bbox 161 3439 1173 3611">
     <span class='ocr_line' id='line_1_28' title="bbox 161 3439 1173 3524; baseline 0.003 -23"><span class='ocrx_word' id='word_1_184' title='bbox 161 3448 306 3522; x_wconf 89' lang='lat' dir='ltr'>neptuno</span> <span class='ocrx_word' id='word_1_185' title='bbox 318 3448 448 3523; x_wconf 85' lang='lat' dir='ltr'>paetum</span> <span class='ocrx_word' id='word_1_186' title='bbox 461 3458 520 3523; x_wconf 88' lang='lat' dir='ltr'>pro</span> <span class='ocrx_word' id='word_1_187' title='bbox 535 3439 736 3503; x_wconf 87' lang='lat' dir='ltr'>edificatione</span> <span class='ocrx_word' id='word_1_188' title='bbox 748 3459 973 3524; x_wconf 83' lang='lat' dir='ltr'>pergamorum</span> <span class='ocrx_word' id='word_1_189' title='bbox 991 3442 1173 3522; x_wconf 82' lang='lat' dir='ltr'>denegauit.</span> 
     </span>
     <span class='ocr_line' id='line_1_29' title="bbox 171 3537 959 3611; baseline 0.001 -11"><span class='ocrx_word' id='word_1_190' title='bbox 171 3543 236 3584; x_wconf 82' lang='lat'>-⁷</span> <span class='ocrx_word' id='word_1_191' title='bbox 258 3537 339 3611; x_wconf 85' lang='lat' dir='ltr'>Quia</span> <span class='ocrx_word' id='word_1_192' title='bbox 354 3537 443 3600; x_wconf 90' lang='lat' dir='ltr'>illius</span> <span class='ocrx_word' id='word_1_193' title='bbox 454 3547 485 3600; x_wconf 84' lang='lat' dir='ltr'>et</span> <span class='ocrx_word' id='word_1_194' title='bbox 499 3538 585 3601; x_wconf 91' lang='lat' dir='ltr'>illius</span> <span class='ocrx_word' id='word_1_195' title='bbox 597 3538 775 3601; x_wconf 86' lang='lat' dir='ltr'>uindicabit</span> <span class='ocrx_word' id='word_1_196' title='bbox 798 3539 959 3602; x_wconf 89' lang='lat' dir='ltr'>iniuriam.</span> 
     </span>
    </p>
   </div>
   <div class='ocr_carea' id='block_1_4' title="bbox 157 3680 1206 3914">
    <p class='ocr_par' dir='ltr' id='par_1_5' title="bbox 157 3680 1206 3914">
     <span class='ocr_line' id='line_1_30' title="bbox 190 3680 1206 3748; baseline -0.002 -17"><span class='ocrx_word' id='word_1_197' title='bbox 190 3681 229 3747; x_wconf 87' lang='lat' dir='ltr'>(a)</span> <span class='ocrx_word' id='word_1_198' title='bbox 246 3680 411 3733; x_wconf 87' lang='lat' dir='ltr'>Barbaricis</span> <span class='ocrx_word' id='word_1_199' title='bbox 428 3680 501 3732; x_wconf 86' lang='lat' dir='ltr'>cessi</span> <span class='ocrx_word' id='word_1_200' title='bbox 531 3683 574 3743; x_wconf 86' lang='lat' dir='ltr'>(D.</span> <span class='ocrx_word' id='word_1_201' title='bbox 592 3682 645 3747; x_wconf 88' lang='lat' dir='ltr'>D.).</span> <span class='ocrx_word' id='word_1_202' title='bbox 665 3708 694 3720; x_wconf 97' lang='lat'>-</span> <span class='ocrx_word' id='word_1_203' title='bbox 709 3682 747 3748; x_wconf 90' lang='lat' dir='ltr'>(b)</span> <span class='ocrx_word' id='word_1_204' title='bbox 761 3681 868 3733; x_wconf 85' lang='lat' dir='ltr'>Jussus</span> <span class='ocrx_word' id='word_1_205' title='bbox 888 3682 931 3748; x_wconf 88' lang='lat' dir='ltr'>(D.</span> <span class='ocrx_word' id='word_1_206' title='bbox 941 3683 995 3748; x_wconf 83' lang='lat' dir='ltr'>D.).</span> <span class='ocrx_word' id='word_1_207' title='bbox 1017 3709 1042 3725; x_wconf 81' lang='lat'>..</span> <span class='ocrx_word' id='word_1_208' title='bbox 1062 3683 1096 3748; x_wconf 91' lang='lat' dir='ltr'>(c)</span> <span class='ocrx_word' id='word_1_209' title='bbox 1115 3681 1172 3732; x_wconf 91' lang='lat' dir='ltr'>lm·</span> <span class='ocrx_word' id='word_1_210' title='bbox 1203 3724 1206 3728; x_wconf 91' lang='lat'>.</span> 
     </span>
     <span class='ocr_line' id='line_1_31' title="bbox 157 3762 1171 3829; baseline 0.002 -16"><span class='ocrx_word' id='word_1_211' title='bbox 157 3762 271 3814; x_wconf 71' lang='lat' dir='ltr'>munior</span> <span class='ocrx_word' id='word_1_212' title='bbox 286 3763 331 3826; x_wconf 90' lang='lat' dir='ltr'>(D.</span> <span class='ocrx_word' id='word_1_213' title='bbox 350 3764 404 3825; x_wconf 88' lang='lat' dir='ltr'>D.).</span> <span class='ocrx_word' id='word_1_214' title='bbox 425 3789 452 3802; x_wconf 90' lang='lat'>-</span> <span class='ocrx_word' id='word_1_215' title='bbox 466 3763 504 3825; x_wconf 85' lang='lat' dir='ltr'>(d)</span> <span class='ocrx_word' id='word_1_216' title='bbox 521 3763 668 3814; x_wconf 87' lang='lat' dir='ltr'>Tenebam</span> <span class='ocrx_word' id='word_1_217' title='bbox 690 3763 734 3823; x_wconf 90' lang='lat' dir='ltr'>(D.</span> <span class='ocrx_word' id='word_1_218' title='bbox 751 3763 806 3828; x_wconf 87' lang='lat' dir='ltr'><strong>D.).</strong></span> <span class='ocrx_word' id='word_1_219' title='bbox 820 3791 849 3802; x_wconf 95' lang='lat'>-</span> <span class='ocrx_word' id='word_1_220' title='bbox 865 3764 899 3829; x_wconf 83' lang='lat' dir='ltr'>(e)</span> <span class='ocrx_word' id='word_1_221' title='bbox 916 3764 947 3814; x_wconf 93' lang='lat' dir='ltr'>Si</span> <span class='ocrx_word' id='word_1_222' title='bbox 966 3765 1091 3814; x_wconf 91' lang='lat' dir='ltr'>Lernam</span> <span class='ocrx_word' id='word_1_223' title='bbox 1107 3764 1171 3816; x_wconf 90' lang='lat' dir='ltr'>edo·</span> 
     </span>
     <span class='ocr_line' id='line_1_32' title="bbox 157 3843 1111 3914; baseline 0.004 -21"><span class='ocrx_word' id='word_1_224' title='bbox 157 3843 217 3893; x_wconf 91' lang='lat' dir='ltr'>mui</span> <span class='ocrx_word' id='word_1_225' title='bbox 230 3844 272 3905; x_wconf 89' lang='lat' dir='ltr'>(D.</span> <span class='ocrx_word' id='word_1_226' title='bbox 291 3845 345 3910; x_wconf 90' lang='lat' dir='ltr'>D.).</span> <span class='ocrx_word' id='word_1_227' title='bbox 363 3872 391 3883; x_wconf 94' lang='lat'>-</span> <span class='ocrx_word' id='word_1_228' title='bbox 407 3843 442 3910; x_wconf 70' lang='lat' dir='ltr'>(f)</span> <span class='ocrx_word' id='word_1_229' title='bbox 455 3844 580 3895; x_wconf 86' lang='lat' dir='ltr'>Miraute</span> <span class='ocrx_word' id='word_1_230' title='bbox 596 3843 678 3895; x_wconf 89' lang='lat' dir='ltr'>Rhea</span> <span class='ocrx_word' id='word_1_231' title='bbox 693 3846 737 3911; x_wconf 87' lang='lat' dir='ltr'>(D.</span> <span class='ocrx_word' id='word_1_232' title='bbox 763 3847 815 3910; x_wconf 92' lang='lat' dir='ltr'>D.).</span> <span class='ocrx_word' id='word_1_233' title='bbox 829 3875 858 3887; x_wconf 95' lang='lat'><em>-</em></span> <span class='ocrx_word' id='word_1_234' title='bbox 874 3849 912 3914; x_wconf 77' lang='lat'>(9)</span> <span class='ocrx_word' id='word_1_235' title='bbox 927 3848 996 3914; x_wconf 83' lang='lat' dir='ltr'>Leg.</span> <span class='ocrx_word' id='word_1_236' title='bbox 1009 3848 1111 3898; x_wconf 80' lang='lat' dir='ltr'>ruinis.</span> 
     </span>
    </p>
   </div>
   <div class='ocr_carea' id='block_1_5' title="bbox 0 0 1344 4718">
    <p class='ocr_par' dir='ltr' id='par_1_6' title="bbox 0 0 1344 4718">
     <span class='ocr_line' id='line_1_33' title="bbox 0 0 1344 4718; baseline 0 4"><span class='ocrx_word' id='word_1_237' title='bbox 0 0 1344 4718; x_wconf 95' lang='lat' dir='ltr'> </span> 
     </span>
    </p>
   </div>
  </div>
 </body>
</html>
