2678 4718
603 330 745 382 ..75-

156 479 234 552 rat,
266 473 464 550 obscurus
498 473 560 558 fit,
593 501 610 542 u
657 473 938 568 obscurusque
973 473 1175 568 praecipue

158 624 291 703 quum
311 607 462 680 Greecis
482 606 617 679 verbis
647 613 719 679 aut
747 631 770 676 u
798 605 1096 679 recentioribus
1119 604 1180 675 lu·

160 739 327 815 bricatis
341 741 509 814 vocibus
530 742 676 813 utitur.
695 739 857 831 Quibus
877 741 1003 813 eliam
1030 738 1174 813 insoli-

160 881 249 947 tam
275 875 496 972 aliquoties
530 877 744 948 notionem
777 872 957 970 subjicit:
989 871 1176 968 exemplo

161 1008 217 1081 sit
231 1007 382 1081 librare
402 1008 513 1106 quod
545 1010 770 1105 saepissime
801 1005 1052 1079 in'carmine
1086 1007 1174 1100 ejus

167 1143 354 1216 invenire
368 1151 429 1216 est
446 1169 455 1215 :

165 1329 237 1392 Vix
260 1333 392 1413 primos
413 1328 493 1393 belli
513 1336 631 1393 motus
651 1331 844 1394 libraverat
862 1330 1004 1392 heros...

169 1495 229 1511 .....
254 1447 388 1509 Tensos
409 1446 589 1519 libroruin
609 1447 697 1510 bella
711 1447 898 1510 lacertos..

165 1563 254 1640 Huc,
270 1561 350 1626 illuc
361 1575 521 1646 gressum
539 1563 710 1625 librans...

170 1679 314 1742 Librato
330 1699 451 1761 gressu
471 1679 619 1742 formam
631 1679 772 1762 juvet...
792 1686 857 1742 etc.

218 1844 291 1917 llis
310 1845 438 1916 etiam
457 1844 623 1915 insolite
640 1842 841 1914 scribendi
859 1835 990 1914 formai
1007 1864 1105 1913 usus
1120 1843 1182 1909 est

171 2003 264 2075 quae
283 1995 523 2074 paromoeon
543 1976 712 2048 dicitur:

692 2153 792 2216 audit
807 2159 841 2216 et
856 2153 964 2216 audet

165 2252 245 2314 Dux
261 2252 356 2336 falli:
374 2251 530 2335 fatisque
548 2252 647 2334 favet
666 2270 774 2333 quum
797 2253 873 2335 tata
895 2256 1060 2315 recuset¹.

707 2422 812 2486 ardet
824 2426 859 2485 et
873 2420 981 2485 audet

163 2521 435 2605 Promissorque
450 2521 584 2603 ingenS,
604 2520 713 2582 facilis
727 2519 902 2603 praesagia
917 2518 1048 2602 praedae

165 2620 270 2683 Ducit
288 2625 415 2698 emor'.

705 2715 822 2780 littore
842 2715 969 2779 blando

161 2818 274 2880 Frete
281 2815 468 2899 Phrygum
477 2817 599 2900 pubes,
606 2835 741 2900 puppes
751 2814 839 2897 ogit:
851 2814 924 2900 ipse
932 2817 1147 2899 propinquas
1156 2817 1178 2875 ³.

164 2989 362 3070 Postquam
381 2985 530 3050 Helenes
544 2985 662 3048 Paridi
677 2985 792 3068 putuit
803 2986 1001 3069 praesentia,
1016 2985 1163 3046 classem

166 3084 304 3148 Deserit
312 3091 361 3147 ⁴...

214 3261 369 3363 Verbo,
404 3263 548 3354 fateor,
584 3289 667 3339 non
704 3265 990 3339 convenientia
1022 3285 1181 3359 semper

165 3399 405 3495 legitpoeta
427 3408 581 3487 noster,
608 3401 678 3474 sed
703 3400 755 3474 ad
781 3422 943 3472 carmen
970 3404 1180 3471 exstruen-

200 3607 209 3639 ¹
225 3601 291 3654 Lib.
305 3602 353 3664 111,
367 3616 445 3655 vers.
461 3603 517 3656 1⁰8.

197 3689 208 3720 ²
221 3683 286 3734 Lib.
303 3683 351 3744 ΙΙΙ,
368 3698 443 3734 vers.
453 3683 508 3735 241.

199 3768 211 3803 8
228 3762 293 3814 Lib.
308 3763 356 3824 ΙΙΙ,
374 3779 450 3813 vers.
468 3764 523 3814 214.

201 3850 213 3882 ⁴
228 3845 287 3894 Lib.
303 3845 351 3903 Ill,
366 3861 439 3895 vers,
453 3845 507 3896 223.
