2678 4718
599 349 744 403 ...ss-

160 493 340 568 deterius
355 498 535 564 vertunt.
557 491 694 564 Mores
707 493 887 589 prolecto
911 502 1074 568 nostros
1101 519 1176 567 sae·

161 628 255 726 pius
275 629 385 701 utin
410 626 572 700 theatro
592 635 831 724 proponunt
859 653 1015 727 nosque
1048 653 1173 726 prope

160 761 295 834 nudos
311 761 534 835 ostendunt
548 787 558 847 ;
580 764 731 859 saepius
747 788 923 861 quoque,
941 763 1041 835 dum
1054 787 1175 862 agen·

159 901 222 968 tes
242 919 437 992 personas
458 895 665 982 audimus,
697 898 762 969 vel
786 897 894 970 fictis
923 899 1174 972 narrationi-

163 1029 238 1103 bus
251 1029 661 1115 delectamur‚mente
677 1038 819 1105 nostra
838 1033 988 1104 conscii
1002 1033 1174 1105 vulnera

161 1188 268 1237 nova
283 1156 520 1263 accipimus,
542 1172 583 1239 et
602 1166 702 1239 falso
719 1165 876 1239 medico
892 1177 1096 1250 venenosa
1111 1190 1174 1240 re-

160 1299 295 1371 media
311 1299 509 1386 afferenti,
531 1299 731 1376 favemus,

210 1434 312 1525 Quae
327 1458 458 1531 quum
483 1438 541 1508 ita
561 1437 657 1524 sint,
675 1437 947 1534 pristinorum
967 1459 1173 1510 annorum

159 1570 401 1642 memoriam
436 1570 636 1644 recordari
681 1570 797 1642 dulce
840 1569 959 1642 nobis
993 1570 1171 1644 videtur.

158 1704 267 1776 Vitae
293 1704 461 1801 quidem
483 1705 710 1778 commodis
735 1711 808 1778 aut
827 1704 1057 1778 faciliorum
1085 1730 1173 1778 mo·

157 1861 253 1912 rum
272 1863 560 1912 sermonumve
576 1838 774 1913 illecebris
788 1842 930 1937 proavi
955 1841 1086 1913 nostri
1102 1840 1171 1912 de·

158 1974 298 2047 lectari
318 1998 401 2046 non
423 1980 628 2071 poterant,
650 1981 790 2046 tamen
824 1973 1036 2061 felicioreS,
1060 2000 1173 2048 men·

159 2118 239 2182 tem
272 2134 417 2180 sanam
451 2108 493 2181 in
525 2133 690 2207 corpore
717 2135 816 2182 sano
846 2109 1053 2206 gerebant.
1075 2111 1170 2182 Non

155 2266 324 2316 auream
350 2266 463 2329 sane,
492 2244 768 2342 omnibusque
789 2246 965 2318 miseriis
994 2268 1166 2317 vacuam

155 2384 321 2452 aetatem
342 2378 456 2450 illam
490 2379 634 2474 priscis
655 2379 698 2450 in
718 2379 976 2476 temporibus
1001 2403 1167 2476 repon0,

157 2512 270 2610 quod
302 2535 511 2610 nusquam
543 2515 744 2610 gentium,
776 2513 856 2586 nisi
882 2515 933 2586 in'
955 2517 1171 2611 poetarum

156 2644 425 2732 carminibus,
459 2649 631 2732 exstitit,
669 2647 738 2720 sed
776 2650 876 2722 sorti
903 2649 1068 2722 illorum
1098 2651 1169 2746 qui

157 2780 315 2885 dolores
353 2783 464 2866 illos,
500 2781 652 2879 quibus
693 2784 901 2879 angimur,
937 2807 1023 2856 non
1059 2787 1170 2881 passi

157 2923 271 3002 sunt,
292 2916 404 2989 haud
420 2918 627 3004 immerito
642 2917 816 2989 invideri
838 2941 954 3015 posse
976 2918 1138 2992 credam
1161 2944 1170 2990 :

157 3075 413 3150 quamquam
434 3053 544 3124 enirn
560 3053 766 3149 permulta
785 3059 825 3125 et
844 3056 955 3150 ipsos
975 3056 1084 3127 malo
1106 3057 1170 3127 in·

156 3193 368 3271 vaserunt,
385 3188 537 3260 leviora
552 3195 691 3259 tamen
706 3186 885 3275 fuerunt,
902 3213 1009 3286 quae,
1028 3192 1072 3263 in
1087 3215 1172 3264 cor·

157 3347 255 3433 pore
284 3325 477 3422 pleraque
513 3324 657 3411 locata,
685 3348 832 3422 puram
864 3326 1009 3399 saltem
1044 3329 1173 3400 intac-

156 3466 326 3555 tamque
342 3463 523 3561 mentem
538 3464 579 3530 et
591 3457 715 3531 fidem
729 3460 1000 3558 reliquerunt.
1017 3463 1170 3536 Utrum

155 3600 299 3666 tamen
314 3594 460 3665 merito
482 3616 621 3679 necne,
641 3594 914 3689 pristinorum
933 3603 1169 3694 temporum

157 3751 233 3801 nos
254 3728 465 3801 incesserit
489 3728 752 3812 desiderium,
769 3727 859 3814 tibi,
877 3730 1171 3828 benignissime

156 3863 297 3950 lector,
318 3862 634 3939 discernendum
648 3865 895 3961 relinquam.
