2678 4718
488 355 633 408 ..49-

91 494 149 558 Sic
168 495 353 559 Britonum
370 496 514 560 ridenda
528 497 615 559 fides
630 501 665 559 et
684 496 844 559 credulus
859 515 954 559 error
1034 480 1037 485 ’

10 570 16 675 ἶ
91 612 265 676 Arturum
284 617 470 697 expectant
488 613 788 696 expectabuntque
801 632 949 696 perenne
961 616 983 676 ¹.

104 813 189 886 Nec
209 814 348 886 minus
369 811 606 885 incredibile
627 810 862 887 Cornelium
889 813 1070 887 Cantua·

51 948 182 1020 riensi
198 947 518 1044 archiepiscopoe
539 969 702 1019 carmen
718 947 894 1044 quodvis
911 947 1071 1021 dedica-

52 1083 165 1154 visse
180 1079 299 1153 nobis
314 1078 491 1154 videtur.
510 1081 677 1154 Diutius
692 1086 845 1167 autem,
864 1082 973 1179 apud
989 1083 1076 1156 An-

54 1215 147 1313 glos
168 1215 279 1312 ipsos
299 1216 375 1288 iste
395 1215 527 1288 valuit
550 1210 675 1303 error,
698 1215 798 1288 dum
825 1217 950 1288 etiarn
984 1219 1077 1314 qui-

56 1349 157 1422 dam
183 1347 387 1422 Joannem
417 1350 727 1423 Architrenium
759 1350 808 1423 de
833 1351 948 1423 Bello
974 1352 1077 1423 'l'ro-
1118 1336 1125 1350 ’

51 1485 156 1582 jano
178 1486 373 1565 carminis
401 1490 611 1558 auctorem
638 1509 723 1558 esse
755 1484 1077 1560 contendebant.

57 1618 243 1692 Thomas
271 1619 540 1716 Dempsterus
567 1621 708 1691 enim:
734 1618 852 1691 «Sed
880 1641 952 1691 nec
978 1643 1075 1716 pru·
1135 1711 1137 1716 Ι

61 1753 268 1826 dentiores
283 1753 406 1851 Angli
430 1753 494 1846 [de
513 1752 699 1825 Arthuro
712 1751 887 1847 fabulas]
897 1776 1080 1852 unquam

65 1909 244 1960 asserere
274 1894 373 1959 sunt
401 1886 513 1969 ausi;
546 1908 618 1957 nec
652 1885 942 1981 nugacioribus
979 1887 1081 1962 fides

62 2019 311 2094 adhibenda.
338 2021 438 2094 Ecce
453 2020 566 2092 enim
599 2020 773 2092 Ioannes
793 2020 1080 2096 Architrenius

61 2155 223 2252 Anglus
238 2156 282 2228 in
302 2155 476 2251 eleganti
493 2159 681 2249 poemate
695 2153 743 2226 de
754 2154 868 2228 Bello
878 2156 1072 2242 Troiano,

62 2288 175 2388 quod
210 2287 313 2361 falso
346 2288 531 2362 Cornelio
559 2289 711 2384 Nepoti
738 2288 998 2374 adscribitur,
1039 2299 1078 2365 et

62 2426 203 2499 Dareti
234 2422 416 2521 Phrygio
448 2427 503 2495 sic
530 2424 591 2495 ait
612 2447 621 2494 ε
646 2449 664 2493 c
683 2421 739 2495 Et
766 2422 988 2499 Britoaam
1018 2425 1076 2498 ri-

64 2558 197 2634 denda
208 2558 327 2659 fides³
406 2585 424 2628 )>

109 2692 468 2791 ‚Josephotandem
480 2717 584 2790 opus
595 2715 732 2777 suum,
744 2692 914 2765 Lelandi
929 2697 1074 2790 gratia,

62 2814 303 2906 restitutum
323 2827 420 2902 luite
438 2826 673 2925 prodiitque
693 2834 862 2901 curante
884 2828 1072 2904 Samuele

96 3078 257 3131 ¹DeBello
275 3076 413 3142 Trojano,
427 3073 477 3124 lib.
495 3074 541 3136 111,
559 3087 632 3124 vers.
650 3074 705 3124 472.

98 3177 188 3229 *Lib
207 3177 229 3242 I,
245 3190 320 3226 vers.
339 3175 378 3226 31.

95 3283 107 3316 ³
121 3277 189 3329 Vid.
198 3276 320 3326 Thomae
331 3273 492 3339 Dempsteri
503 3273 686 3338 Apparatum
697 3271 736 3323 ud
748 3271 914 3352 Historiam
924 3274 1080 3342 Senticam,

63 3353 415 3419 Bononia,1622.40,lib.
432 3354 464 3413 ll,
485 3368 545 3418 cap.
565 3352 644 3413 xv1,
663 3367 728 3419 pag.
743 3355 784 3406 97.

99 3466 112 3499 ⁴
127 3461 193 3510 Non
210 3456 305 3506 solum
326 3456 432 3512 autem,
449 3451 484 3502 de
499 3452 578 3503 Bello
603 3450 732 3517 Trojano
750 3451 849 3511 libros,
866 3451 988 3519 Josephi
1018 3471 1082 3508 esse

65 3539 201 3595 concedit
215 3539 313 3587 noster
329 3535 360 3585 F.
376 3533 507 3598 Schoell3
525 3530 576 3583 sed
591 3531 721 3598 ejusdem
741 3534 837 3597 etiam,
854 3533 994 3601 scriptum
1009 3536 1081 3587 illud

65 3637 132 3676 esse
159 3617 239 3687 quod
263 3615 362 3666 nareti
391 3613 519 3679 Phrygio
544 3626 644 3663 omnes
672 3611 814 3672 tribuunt,
841 3615 996 3666 contendit.
1027 3619 1083 3668 Iste

66 3702 144 3755 enim
161 3717 167 3751 :
187 3720 201 3746 α
218 3700 263 3749 On
278 3693 400 3763 pretend
431 3709 486 3759 que
506 3707 581 3743 nous
605 3707 697 3743 avons
724 3707 781 3742 une
796 3693 962 3745 traduction
995 3696 1083 3748 latine
1108 3687 1112 3693 ⁵

67 3785 115 3844 [de
130 3782 230 3844 Dares]
248 3781 275 3828 et
299 3780 373 3826 cette
389 3775 478 3840 prece,
496 3772 623 3839 quoique
638 3772 757 3837 remplie
775 3772 810 3822 de
822 3773 995 3836 solecismes,
1010 3793 1026 3826 a
1039 3778 1083 3828 dte

65 3859 248 3932 quelquelois
261 3858 333 3908 mise
346 3870 396 3906 sur
411 3855 438 3904 le
453 3858 569 3919 compte
585 3853 621 3903 de
642 3852 793 3904 Cornelius
818 3852 923 3919 Nepos.
937 3857 979 3908 La
995 3858 1083 3909 verite
