2678 4718
604 370 736 422 ..50-

238 509 329 570 Nam
344 508 428 573 Vati
443 511 598 595 Phrygio
613 510 763 574 Martem
780 510 998 573 certissimus
1009 505 1116 569 index

237 606 412 689 Explicuit
426 629 582 692 praesens
598 610 730 682 oculus,
756 629 860 693 quem
874 607 991 671 fabula
1005 605 1148 668 nescit¹.

206 790 368 861 Daretis
387 790 527 887 itaque
549 784 701 864 nomen
729 793 847 866 nobis
868 789 1065 887 temporis
1092 786 1174 859 hu·

151 925 222 1020 jus
237 925 389 1018 scripta
404 925 720 1022 perlegentibuS,
734 928 960 1023 saepissime
970 922 1167 1004 occurrit;

157 1059 269 1130 solus
303 1060 414 1131 enim
450 1058 677 1155 legentium
715 1063 939 1133 maximam
972 1057 1172 1130 meruisse

157 1191 280 1264 fidem
315 1192 492 1275 videtur,
528 1194 802 1269 nihilominus
828 1218 955 1292 quam
990 1191 1172 1265 scriben-

158 1328 278 1408 tium,
302 1326 373 1422 qui
397 1349 528 1422 quum
547 1328 597 1401 de
618 1356 636 1397 u
658 1328 796 1401 latinis
822 1327 969 1400 libris»
993 1325 1172 1397 mentio-

159 1483 253 1533 nem
269 1459 443 1544 faciunt,
458 1462 619 1535 Daretis
635 1462 805 1560 Phrygii
830 1468 902 1535 aut
916 1462 1062 1558 Dyctis
1077 1460 1174 1533 Cre-

158 1595 285 1665 tensis
311 1594 496 1666 Annales
522 1597 701 1669 iudicare
720 1598 881 1669 volunt.
899 1596 1089 1691 Namque
1112 1594 1172 1665 ait

157 1728 404 1800 Benedictus
430 1739 595 1801 noster:

278 1949 329 2012 Or
346 1949 438 2013 vueil
453 1951 483 2014 le
495 1971 661 2016 roumans
674 1953 899 2018 commencier

275 2050 318 2111 Le
331 2044 417 2111 latin
436 2046 566 2112 suiurai
584 2054 605 2113 a
618 2050 652 2113 la
666 2051 771 2116 lettre

275 2144 365 2209 Nule
381 2153 480 2208 autre
494 2147 588 2210 riens
605 2149 640 2211 ni
655 2150 774 2214 uodrai
790 2157 933 2227 metre¹‚

158 2306 198 2373 et
213 2300 315 2373 alias
338 2327 346 2372 :

276 2507 317 2570 Li
335 2514 397 2571 ont
409 2508 493 2571 faite
507 2509 540 2570 la
564 2511 738 2592 sepulture

276 2606 315 2669 Si
330 2626 405 2668 com
420 2612 562 2669 raconte
583 2607 617 2670 la
631 2610 781 2693 sc’pture

275 2702 399 2767 Defors
416 2702 450 2766 la
465 2711 563 2786 porte
578 2704 618 2767 de
638 2706 825 2771 Timbree³.

203 2913 409 3010 Josephus
441 2921 595 2998 autem,
625 2917 787 3012 quoties
820 2916 870 2987 de
904 2916 983 2989 diis
1015 2919 1169 3014 agitur,

155 3052 277 3125 toties
304 3052 436 3125 multa
463 3051 557 3124 illos
590 3052 723 3125 ironia
749 3052 931 3137 lacessit;
962 3054 1166 3151 nihilque,

158 3187 233 3257 nisi
250 3186 301 3257 ad
315 3187 543 3258 irridendos
558 3211 625 3259 eos
640 3187 750 3284 quod
762 3189 980 3283 pertineat,
993 3187 1167 3263 dicenda

157 3320 349 3392 aestimat.
370 3320 460 3404 His,
482 3344 564 3417 quo
580 3319 701 3391 modo
717 3319 814 3391 deos
832 3322 956 3393 homo
983 3318 1164 3405 finxerit,

157 3452 391 3548 indignanti
407 3455 562 3534 animo,
579 3451 734 3524 indicat
757 3478 765 3523 :

189 3682 197 3712 ¹
217 3677 278 3726 Lib.
297 3678 316 3735 1,
333 3692 408 3727 vers.
423 3676 476 3741 25.

95 3763 96 3766 ¹
187 3779 198 3810 ²
215 3776 284 3826 Cod.
300 3776 330 3827 in
343 3776 492 3826 Nationali
508 3774 697 3834 Bibliotheca,
712 3776 750 3836 60,
770 3778 816 3827 fol.
829 3779 869 3838 42,
885 3783 924 3838 ν’,
943 3781 995 3832 col.
1012 3784 1037 3832 3.

189 3876 199 3906 ³
214 3874 283 3924 Cod.
299 3874 355 3931 782,
369 3873 417 3923 fol.
431 3874 484 3922 110.
