2678 4718
599 405 734 457 ..55-

211 542 276 614 Sic
314 547 472 643 incipit,
517 571 648 643 neque
683 569 804 642 porro
846 544 1002 625 Musae,
1047 564 1180 638 nequa

160 673 398 770 Apollinem
424 679 632 774 praefatus,
667 703 863 750 «sacram
894 676 979 748 ueri
1010 672 1133 771 fidem
1158 701 1175 742 >l

164 808 240 882 sibi
255 811 421 884 Musam
432 820 552 887 vocat
563 815 824 909 carmineque
839 812 984 894 multo,
998 808 1180 881 rotundo
1226 823 1230 830 ’

160 965 242 1025 ore,
265 952 424 1039 pectore
445 954 547 1031 toto,
590 953 755 1020 summa
791 968 887 1018 cum
923 944 1173 1040 eloquentia,

162 1077 276 1151 illam
290 1079 479 1164 celebrat;
502 1088 755 1178 quantopere
775 1081 886 1153 enim
908 1083 1038 1175 poetae
1060 1076 1186 1172 pleri·¹

163 1234 242 1307 que
283 1199 433 1292 tabulis
476 1216 708 1313 indulgent,
753 1223 965 1310 tantopere
1011 1237 1034 1283 a
1074 1211 1183 1284 fictis

167 1344 380 1420 abhorret:

263 1514 312 1578 Ut
328 1516 410 1598 quid
426 1519 470 1578 ab
486 1517 629 1601 antiquo
646 1525 768 1581 vatum
782 1521 976 1602 proscripta
989 1515 1158 1589 tumultu,

207 1613 286 1677 Veri
300 1633 398 1684 sacra
413 1615 510 1692 fides,
528 1615 670 1699 longum
688 1615 858 1700 sylveacis
876 1615 912 1681 in
922 1616 1060 1683 aevum‘l

207 1712 264 1772 An
277 1711 358 1796 quia
373 1719 491 1796 spreta
509 1714 615 1777 lates?
630 1715 829 1797 mundoque
844 1713 978 1776 infensa
994 1711 1099 1795 priori

206 1809 281 1875 Nos
295 1808 401 1874 etiam
418 1813 594 1875 noscenda
606 1813 721 1896 fugis?
738 1833 873 1876 mecum
889 1809 1031 1894 inclyta,
1049 1829 1185 1871 mecum

207 1907 368 1984 Exorare,
386 1914 421 1972 et
434 1910 570 1973 vultum
586 1931 672 1994 ruga
687 1911 815 1974 leviore
830 1929 1023 1980 resumam,

206 2005 394 2073 Phaebeam
407 2007 548 2091 dignare
566 2011 708 2075 tubam:
730 2010 926 2093 sterilisque
944 2012 1104 2071 vetustas

206 2103 370 2176 Erubeat‚
383 2104 467 2168 dum
482 2107 575 2170 culta
591 2111 700 2182 venia,
717 2108 801 2173 dum
813 2107 919 2170 libera
932 2106 1083 2168 frontem

207 2199 346 2264 Exeris:
365 2223 407 2265 en
422 2205 536 2267 aureis
548 2205 707 2284 ,blandae
726 2227 769 2270 en
779 2211 902 2290 pectus
915 2203 1065 2266 amicum

210 2298 354 2374 Merces,
367 2301 547 2384 vulgarem
559 2304 670 2368 levius
682 2326 831 2388 passura
846 2297 1064 2368 cachinnum.

269 2399 305 2460 Si
318 2404 449 2462 nostris
464 2402 511 2462 nil
528 2402 624 2466 dulce
643 2423 786 2476 novum,
803 2404 851 2466 nil
869 2401 953 2465 utile
967 2400 1093 2473 visum,

206 2497 309 2573 Quod
326 2497 434 2560 teneri
446 2502 588 2581 pariunt
603 2503 696 2574 anni,
712 2501 741 2562 si
755 2501 871 2564 secula
886 2505 1026 2562 tautum

206 2595 324 2657 Aurea
339 2595 481 2657 Saturni
498 2604 704 2671 memorant,
722 2606 756 2662 et
772 2598 868 2661 nulla
889 2595 1038 2660 recentis

213 2692 336 2757 Gratia
348 2692 507 2757 virtutis:
526 2697 615 2760 aude
629 2704 748 2761 tamen
761 2697 881 2769 ardua,
898 2697 1009 2780 pubes
1022 2717 1028 2756 ε

208 2789 328 2852 Mento
344 2798 529 2854 canescant
545 2792 613 2872 alii3
628 2814 693 2856 nos
709 2800 842 2857 mente:
859 2793 996 2876 capillo,

209 2888 283 2951 Nos
299 2888 430 2952 auimo:
447 2889 549 2969 facie3
568 2910 634 2954 nos
648 2897 797 2974 pectore.
817 2892 988 2976 Tempora
1005 2898 1096 2954 certe

208 2985 387 3060 Virtutem
399 3006 471 3050 uon
487 2988 597 3070 prima
613 2995 752 3073 negant,
770 3010 841 3054 non
856 2989 978 3054 ultima
994 2989 1126 3053 donant
1136 2995 1155 3053 ¹.

220 3142 384 3227 Melius,
404 3144 514 3216 haud
531 3143 671 3228 dubi0,
692 3145 857 3216 vocibus
877 3151 918 3216 et
932 3141 1080 3226 verbia',
1101 3165 1184 3214 non

171 3279 325 3362 anime,
346 3287 462 3353 motu
477 3303 683 3376 sensuque
704 3281 978 3352 recentiorum
993 3287 1034 3352 et
1055 3301 1194 3374 aequa·

173 3412 277 3484 lium
298 3436 466 3486 causam
483 3414 645 3486 dixerat
661 3415 875 3488 Horatiae.

250 3579 339 3643 Mira
362 3580 501 3663 quidem
519 3581 626 3654 dictu,
641 3579 700 3645 sed
715 3602 810 3658 vern,
827 3582 1011 3658 advertite,
1027 3581 1188 3665 pandam,

177 3733 293 3807 addit
307 3736 512 3831 Josephu's
531 3762 539 3807 :
558 3738 661 3812 illud
676 3740 788 3813 enirn
806 3745 967 3835 poetam
997 3745 1187 3809 nostrum

219 3927 224 3957 ¹
245 3920 307 3971 Lib.
327 3923 347 3982 l,
361 3937 434 3972 vers.
451 3924 474 3972 6.
