2678 4718
602 343 745 399 ..14-

71 578 73 582 7
170 486 420 570 habendum,
437 486 531 559 inde
547 485 871 572 celeberrimum,
893 489 965 584 qui
986 490 1115 562 vitam
1138 491 1181 561 in

169 621 342 694 obscuro
362 629 510 719 egerat,
543 621 776 695 Arthurum
809 645 931 696 suum
959 622 1178 695 ducebant.

169 756 352 829 Hunc-et
383 762 544 854 patrem
573 756 632 828 illi
652 763 692 829 et
720 762 942 852 patronum
963 756 1111 831 habere
1143 766 1182 831 et

168 888 426 965 liberatorem
448 915 623 988 sperare,
642 892 762 963 itaut
784 915 866 988 quo
887 893 1020 990 majus
1037 915 1181 965 eorum

55 1075 57 1080 -
168 1024 212 1097 in
240 1025 411 1124 gloriam
433 1031 474 1098 et
495 1025 727 1098 libertatem
754 1024 879 1098 fuerit
903 1026 1103 1112 studium,
1133 1052 1181 1101 eo

167 1158 299 1256 major
318 1159 491 1235 Arthuri
520 1160 631 1233 fama
650 1160 757 1232 facta
782 1158 918 1233 luerit.
951 1160 1046 1232 lude
1065 1160 1180 1233 Jose·

167 1293 276 1389 phus
291 1294 359 1367 ille
375 1304 513 1369 noster
529 1321 538 1368 ε

226 1478 282 1542 Sic
297 1479 480 1545 Britonum
495 1481 638 1545 ridenda
656 1481 743 1546 fides
761 1487 795 1546 et
809 1483 969 1547 credulus
985 1503 1079 1547 error

225 1580 396 1643 Arturum
418 1585 601 1664 expectant
616 1583 915 1665 expectabuntque
931 1590 1096 1666 perenne¹

214 1755 358 1854 Neque
377 1757 420 1827 in
439 1756 652 1829 Britannis
671 1763 838 1829 tantum
853 1756 1089 1853 regionibus
1111 1782 1183 1831 no·

164 1889 351 1962 tissimus
379 1888 481 1975 fuit3
513 1889 582 1962 sed
615 1889 667 1962 ab
694 1888 888 1963 omnibus
922 1892 1049 1962 etiam
1079 1915 1177 1964 mox

163 2022 282 2096 heros
319 2029 508 2121 acceptus
549 2029 610 2096 est
645 2025 898 2122 heroumque
937 2024 1175 2111 maximus',

164 2157 403 2254 nullamque
436 2158 599 2230 laudem
627 2159 662 2230 ei
693 2157 868 2232 defuisse
888 2158 1174 2232 crediderunt:

161 2317 244 2390 quo
261 2291 486 2365 Alexandri
509 2293 722 2391 Caroiique
737 2294 878 2386 Magni
900 2292 1075 2367 aemulus
1090 2292 1173 2367 fac-

161 2431 230 2499 tus
250 2425 329 2499 luit
344 2428 509 2524 regulus
522 2427 612 2513 iste,
630 2430 800 2524 a'poetis
816 2431 885 2525 qui
906 2450 1037 2525 quum
1051 2429 1175 2502 Caro·

159 2561 248 2633 lum
279 2566 371 2634 tum
410 2561 696 2634 Alexandrum
737 2562 872 2635 forsan
908 2561 1171 2658 ignorabant.

158 2695 278 2770 Vana
297 2694 598 2784 mirandorum,
621 2696 692 2769 sed
717 2696 922 2782 fictorum,
941 2694 1171 2769 facinorum

159 2829 378 2914 memoria3
397 2830 487 2902 laus
504 2832 726 2902 unicatum
743 2829 794 2902 ab
810 2830 988 2902 inimicis
999 2829 1170 2915 tribula,

157 2972 250 3037 tum
273 2963 325 3037 ab
350 2964 493 3037 amicis
524 2963 737 3049 celebrata,
768 2965 1020 3037 immensum
1036 2964 1171 3062 quod-

158 3099 269 3185 dam,
288 3105 466 3183 mortuo‚
489 3100 710 3197 imperium
730 3105 991 3196 pepererunt,
1014 3101 1172 3172 animo-

157 3257 253 3308 rum
268 3233 372 3322 dico,
401 3258 505 3333 quos
529 3234 581 3306 ad
595 3233 807 3331 regendos,
830 3235 1052 3305 sitantum
1075 3232 1169 3306 boni

190 3459 198 3492 ¹
214 3457 258 3508 De
274 3455 356 3508 Bello
375 3457 511 3523 Trojano,
529 3456 576 3508 lib.
595 3456 643 3517 111,
656 3472 683 3507 v,
698 3455 754 3506 472.

188 3557 195 3580 ²
211 3556 275 3622 lpse
287 3555 364 3606 enim
379 3555 525 3622 Josephus
540 3554 712 3606 Exoniensis
724 3554 754 3603 in
769 3554 963 3606 Antiocheide:

282 3655 356 3705 Hinc
371 3655 477 3707 celebri
494 3654 563 3714 fato,
578 3653 652 3704 felici
668 3654 766 3704 floruit
781 3658 856 3715 ortu,

280 3736 351 3786 Flos
367 3751 467 3802 regum
481 3734 639 3786 Artburus.

157 3835 232 3885 Vide
246 3834 383 3895 Warton,
403 3834 526 3899 History
553 3834 587 3898 of
596 3832 720 3899 Euqlisb
732 3833 856 3900 Poetry;
878 3834 986 3886 Hazlitt
1004 3835 1078 3885 Edit.
1095 3837 1166 3899 1871,

156 3921 224 3968 tom.
241 3917 262 3976 Ι,
275 3929 340 3982 pag.
356 3915 410 3965 229.
696 3920 700 3929 ·
