2678 4718
599 351 732 404 ..28-

157 505 226 571 tus
240 501 302 571 est
326 495 556 569 Germanus
573 493 777 567 Henricus
798 491 1056 589 Veldigensis
1080 491 1173 589 qui,

156 654 287 733 quum
308 629 487 704 Coloniae
500 628 701 726 Trajanae‚
723 650 834 700 anno
852 625 963 710 1175,
991 627 1171 714 viveret,

157 768 206 841 de
238 765 371 840 AEueei
407 764 626 861 praecipue,
663 763 780 861 cujus
811 761 914 836 fata»
929 767 1172 835 narraverat

159 923 322 997 quoque
341 905 462 997 poeta
479 903 648 984 noster¹,
671 903 710 971 et
729 897 779 970 de
795 897 968 971 Lauinii
988 896 1173 992 seripsir;

159 1036 390 1133 paulopost
409 1033 569 1108 Herbor
588 1032 856 1106 Frizlarensis
876 1015 1172 1129 Courndusque
1202 1104 1207 1113 ,

159 1169 481 1266 HerbipolensiS‚
517 1190 678 1282 annum
709 1169 814 1242 circe
847 1167 964 1252 1200,
1006 1167 1184 1241 Bellum-

159 1304 400 1401 Trojanum,
424 1302 629 1377 Germana
648 1303 789 1400 lingui
808 1302 1010 1376 canebant
1024 1309 1051 1378 ².

210 1437 335 1511 Italos
355 1461 519 1535 quoque
534 1461 621 1511 rem
640 1436 755 1510 illam
774 1458 860 1510 non
884 1436 1036 1512 oblitos
1062 1437 1178 1510 inve-

161 1573 325 1658 nimus;
351 1571 485 1647 Guido
505 1572 618 1646 enim
636 1571 686 1645 de
712 1570 926 1658 Columna,
949 1578 1021 1644 aut
1048 1572 1179 1671 ipsius

163 1715 209 1781 ut
222 1706 359 1781 verbis
385 1712 493 1792 utar,
512 1730 531 1776 t<
546 1704 704 1804 Gwydo
724 1706 773 1779 de
787 1705 1041 1804 Columpnis,
1060 1734 1079 1778 »
1101 1708 1180 1780 Be·

163 1842 374 1916 nedicium
395 1864 420 1914 a
440 1839 592 1915 sancto
618 1840 782 1925 Mauri,
809 1841 988 1917 Dnreten
1017 1842 1182 1914 Dictin·

163 2000 242 2073 que
264 1976 458 2050 imitatus
487 1980 549 2049 est
582 1975 625 2047 in
654 1973 838 2048 Historia
866 1979 941 2049 suri
972 1976 1021 2049 de
1058 1975 1177 2049 Bello

168 2109 344 2210 Trojano
358 2127 384 2194 ³,
407 2108 685 2208 quam-latino
705 2108 963 2207 pedestrique
990 2132 1179 2184 sermone

165 2245 343 2344 scripsit.
361 2245 504 2341 ipsum
530 2245 657 2318 etiam
679 2265 775 2317 mox
800 2244 953 2318 imitati
969 2251 1068 2319 sunt
1087 2266 1179 2341 per·

166 2379 301 2462 multi,
321 2377 473 2476 quibus
498 2402 582 2451 non
607 2379 780 2451 minoris
794 2375 964 2451 fuerunt
981 2378 1068 2475 ejus
1088 2401 1181 2451 sen-

166 2514 320 2598 tentiee‚
343 2536 471 2612 quam
499 2514 589 2611 ipsa
619 2513 780 2588 Daretis
800 2511 937 2585 dictu:
961 2513 1069 2585 inter
1088 2512 1182 2587 illos

167 2646 346 2744 profecto
376 2647 593 2722 Lefevrum
623 2653 843 2723 nostrum⁴
870 2669 955 2719 non
988 2647 1183 2720 omittam

200 2853 208 2886 ¹
224 2848 345 2917 Scripsit
361 2849 536 2902 Benedictus
551 2850 586 2902 de
600 2849 676 2902 bello
694 2848 851 2913 Thebaico,
868 2851 904 2903 de
919 2849 995 2902 bello
1008 2849 1137 2916 Trojano
1157 2855 1188 2904 et

167 2929 300 2982 devariis
314 2931 414 2982 AEneae
428 2930 561 2983 fortunis.
579 2930 647 2985 Vid.
663 2931 694 2983 in
709 2930 858 2983 Nationali
873 2931 1064 2994 Bibliotheca,
1080 2931 1143 2984 cod.
1153 2932 1188 2983 60

167 3010 385 3078 inscriptionem
398 3027 405 3063 ε
417 3032 431 3058 α
446 3012 477 3066 Ci
492 3027 659 3065 commence
673 3013 693 3064 li
705 3026 845 3064 roumans
860 3012 896 3064 de
909 3012 1001 3064 tiebes
1016 3013 1067 3081 qui
1086 3013 1131 3064 fut
1144 3028 1189 3064 re·
1238 3009 1240 3011 ’

167 3091 232 3143 cine
241 3091 276 3142 de
296 3093 371 3144 troie
396 3094 425 3145 le
437 3098 551 3160 grant...
565 3122 593 3134 -
605 3095 675 3145 item
682 3097 764 3145 toute
774 3093 885 3144 listoire
900 3092 1014 3145 detroie
1027 3093 1055 3145 le
1069 3097 1187 3160 grant...

169 3199 198 3211 -
212 3173 283 3225 item
302 3177 385 3226 toute
401 3175 511 3227 lisroire
527 3175 561 3226 de
579 3176 675 3226 Enees
695 3177 724 3225 et
741 3174 882 3225 dencises.
897 3193 911 3218 n
934 3173 1007 3237 Quae
1024 3175 1122 3226 omnia
1136 3190 1187 3227 eo-

170 3254 237 3304 dem
249 3269 284 3306 ex
298 3255 378 3307 fonte
392 3257 517 3317 fluxisse,
533 3256 588 3308 etsi
613 3254 689 3306 libro
701 3259 817 3306 tantum
833 3254 870 3305 de
889 3253 971 3304 Bello
984 3253 1113 3322 Trojano
1129 3257 1187 3307 Be-

170 3334 277 3387 nedicti
290 3351 397 3390 nomen
411 3339 583 3406 inscriptum
598 3338 645 3402 sit,
661 3335 815 3387 videntur.

202 3434 292 3489 Wid.
309 3437 455 3500 Heinrich,
472 3436 646 3491 Histoirede
662 3435 692 3486 la
706 3434 1071 3498 LitteratureAllemandc‚
1080 3437 1186 3499 tom.1‚

172 3531 234 3584 cup.
253 3517 300 3568 111.

202 3619 214 3652 ³
228 3615 363 3669 Historia
377 3619 411 3670 de
426 3619 507 3672 Bello
525 3615 663 3682 Trojano,
679 3613 816 3676 coloniae,
833 3615 903 3679 1477,
916 3616 952 3669 40.

203 3719 216 3752 ⁴
233 3734 248 3761 α
265 3715 306 3782 Cy
322 3731 487 3770 commence
501 3718 529 3768 le
545 3716 662 3768 volume
678 3713 794 3767 inritule
812 3715 838 3766 le
855 3715 961 3768 recueil
977 3715 1028 3768 des
1047 3716 1186 3769 histoires

171 3791 206 3844 de
219 3797 326 3862 noyez,
342 3798 478 3864 compose
492 3812 546 3864 par
560 3794 714 3848 venerable
731 3796 848 3848 homme
863 3798 957 3849 Reoul
976 3798 1004 3848 le
1018 3797 1098 3849 feure
1110 3812 1190 3864 pres-

170 3876 223 3938 tre,
240 3875 424 3945 chappellein
437 3877 472 3929 de
488 3893 558 3931 mon
574 3879 634 3930 tres
648 3876 788 3929 redoubte
802 3879 922 3944 seigne‘,
938 3877 1144 3943 monseigneur
1160 3878 1188 3929 le
