2678 4718
668 367 827 421 -128—

239 505 290 569 At
303 503 512 570 testudineo*
529 504 685 569 telamon
699 507 739 588 (a)
753 505 916 570 defensus
930 506 1071 583 amictu,

240 637 406 701 Ocultum
418 636 555 702 furatur
566 638 643 712 iter,
659 639 862 723 silicumque
876 614 1059 704 tenorem:
1108 640 1112 647 ’

237 754 315 818 Ere’
329 755 461 835 domat,
478 755 613 839 iamque
628 759 663 817 in
678 775 821 840 preceps
835 757 1007 840 pendente
1021 734 1132 819 'ruina

237 872 359 952 Cedit⁸,
373 878 409 937 et
420 871 561 938 effracta
575 872 715 936 tandem
731 871 824 955 prior
838 872 922 935 urbe
939 874 1086 956 potitur,
1112 848 1115 853 ’
1225 849 1229 855 ’

314 990 457 1054 Jnterea
473 989 589 1053 tlamis
604 988 762 1073 populari
777 987 853 1052 uela
869 994 1048 1072 parentem
1063 988 1106 1068 (b)

231 1104 393 1171 Percellit
407 1127 477 1171 uox
493 1106 585 1170 clara
599 1109 634 1186 (c)
648 1106 770 1170 ducem
787 1108 839 1186 cuj
864 1110 1005 1168 strenue
1020 1104 1125 1169 dutor
1232 1081 1237 1086 ⁵

231 1222 470 1286 Dardanidum
486 1226 540 1286 cui
557 1199 646 1286 bella
664 1222 766 1306 geris,
780 1222 942 1305 ciuesque
958 1219 1006 1304 (d)
1026 1226 1175 1305 perosus

230 1339 594 1426 Monstriparipacem
606 1338 718 1422 pelagi
736 1337 876 1401 sanxire
892 1337 1029 1401 laboras
1244 1318 1247 1322 ¹

229 1458 304 1520 Aut
313 1456 352 1539 (e)
369 1455 505 1543 pauidis
515 1453 738 1539 profugisque
752 1457 877 1526 instas,
892 1459 977 1518 etue
987 1472 1070 1538 qua,
1083 1460 1246 1538 supertes

228 1572 282 1637 Sit
298 1571 380 1656 fuga
395 1547 568 1637 consumis
582 1572 724 1645 classes
744 1570 982 1654 proprioribus
997 1570 1094 1635 ausis

228 1687 416 1752 intendere
437 1707 563 1752 manus
572 1688 707 1765 hostes,
726 1687 793 1750 huc
804 1686 935 1751 lumina
949 1664 1065 1752 flecte

229 1804 348 1887 Atque
362 1806 484 1868 urbem
498 1804 661 1869 miserere
676 1804 718 1888 (fl
733 1809 845 1881 tuam,
860 1823 916 1868 uix
931 1781 1093 1869 credulus
1104 1804 1205 1869 heret

226 1921 426 1986 Laomedon
440 1925 618 2005 cernitque
636 1926 755 1984 tamen
772 1921 841 1983 iam
856 1940 1020 2005 pergama
1034 1921 1150 2005 rumpi

227 2037 329 2116 Stare
339 2040 472 2118 hostes,
487 2045 611 2103 nutare
625 2037 741 2122 friges,
758 2038 850 2122 rapit
864 2038 961 2102 ocius
975 2058 1100 2124 agmen

226 2156 439 2233 Attonitum,
459 2155 607 2238 bellique
621 2155 719 2218 rudis
736 2174 807 2218 non
821 2135 950 2235 colligit
964 2154 1039 2218 alas

225 2271 287 2336 Set
303 2249 437 2357 sparsis
450 2275 614 2356 properat
629 2271 751 2355 signis,
764 2291 866 2355 quem
880 2277 1021 2355 prepete
1038 2271 1196 2356 gaudens

227 2387 365 2473 Excipit
378 2407 525 2455 occursu
541 2386 711 2461 tirincius‚
733 2387 856 2472 hisque
874 2388 935 2463 ait,
956 2387 1039 2452 olim

227 2508 314 2570 Cum
331 2508 528 2590 premerent
539 2508 664 2587 portus
676 2509 867 2588 optataque
881 2505 1001 2570 littora
1014 2504 1099 2570 fessi

224 2620 361 2687 Exilem
374 2621 511 2687 telluris
526 2641 627 2706 opem
641 2626 851 2706 tenuemque
869 2627 1009 2708 negasti

224 2741 313 2804 Seue
322 2758 476 2816 moram,
491 2743 609 2823 spreta
623 2743 732 2822 pacis⁵
750 2760 829 2804 cum
843 2739 964 2805 fronde
978 2741 1149 2808 minerua‘
1215 2721 1218 2727 ⁹

224 2858 329 2922 Sume
345 2860 449 2931 uices,
467 2856 569 2921 rediit
587 2857 700 2921 hostis
716 2857 764 2943 (9)
779 2857 839 2940 qui
854 2864 999 2924 uenerat
1014 2879 1118 2945 ospes

223 2975 280 3039 Sic
295 2974 400 3052 fatur,
420 2973 612 3058 strictoque
624 2973 746 3038 ducem
762 2977 1024 3041 transuerberat
1036 2997 1117 3042 ense

266 3187 274 3224 ¹
302 3181 439 3249 Testudo
467 3183 584 3248 dicitur
612 3181 858 3247 instrumentum
886 3183 1039 3257 bellicum
1067 3207 1107 3251 ex
1127 3187 1242 3273 clipeis

222 3284 375 3350 consertis
382 3281 666 3346 subtermeantium
677 3281 858 3353 ¹defensioni
866 3292 1071 3367 oportunum.
1088 3286 1241 3350 -’Ereis

223 3383 375 3466 fossorijs.
385 3419 426 3453 -,
439 3386 451 3420 ³
466 3381 607 3445 lleoadit.
617 3416 657 3427 -
670 3385 682 3418 ⁴
696 3381 792 3457 Quasi
800 3382 918 3446 diceret
928 3402 970 3447 ne
984 3382 1240 3449 habeantuaues

223 3480 338 3565 quibus
353 3480 537 3564 fugiant—
558 3477 711 3561 ⁸Scilicet
734 3480 904 3564 oliueper
932 3500 1029 3564 quam
1053 3480 1241 3565 designatur

222 3601 295 3664 pax.
312 3617 353 3628 -
366 3586 378 3619 ⁶
393 3580 514 3642 Dicitur
528 3577 688 3654 inuentrix
704 3578 784 3642 oleo.

251 3770 366 3837 (alLeg.
384 3769 529 3821 Telamon.
540 3796 569 3808 -
579 3768 618 3834 (b)
632 3768 786 3819 Parantem
793 3770 837 3832 (D.
853 3768 907 3831 D.).
922 3792 954 3808 -
963 3771 996 3834 (c)
1006 3770 1075 3823 Dira
1085 3771 1129 3835 (D.
1138 3771 1194 3836 n).
1208 3799 1239 3814 -

221 3851 259 3914 (d)
275 3849 525 3916 Civesnefflffll.
554 3844 752 3911 -(e)'An*(D.'
768 3851 823 3912 n).
853 3876 883 3890 -
908 3851 938 3914 (r)
958 3851 1100 3904 Miserere
1119 3853 1163 3914 (D.
1180 3852 1236 3918 D.)'.

220 3933 258 3997 (9)
273 3931 375 3985 Hostis
391 3930 475 3982 rediit
487 3930 547 3997 qui,
564 3934 618 3982 etc.
636 3931 679 3991 (D.
696 3931 750 3993 D.).
