2678 4718
637 345 803 397 -u-z-

216 487 413 551 Presentes¹
423 505 513 570 quos
526 484 606 550 fecit
619 486 735 563 habet,
753 490 976 569 contemptus
990 486 1026 550 in
1039 486 1152 550 antris

216 603 421 686 Ypodates¹,
435 602 469 666 in
483 602 585 687 aquis
602 602 724 682 triton,
739 605 774 666 in
789 623 923 668 carcere
934 604 1074 667 chorus¹

218 719 293 782 Hac
307 725 382 782 rate
396 724 558 804 prerapta
574 722 614 800 (a)
626 739 783 784 summos
803 720 978 785 senuisset
992 723 1028 783 in
1045 739 1169 795 annos,

216 836 366 920 Quippe¹
379 836 482 901 deum
497 837 651 920 genitore
665 842 773 914 metu,
786 857 885 901 mens
906 822 984 901 ceca
1003 839 1137 901 creauit

216 952 333 1016 Ditem
349 953 480 1031 unbriS,
501 953 572 1018 celo
588 972 744 1037 superos,
758 958 792 1017 et
806 953 952 1017 numina
972 958 1094 1038 ponto,

214 1067 286 1134 Vix
299 1068 412 1153 pelagi
425 1089 568 1133 senxere
584 1068 708 1145 minas,
722 1067 865 1154 jamque
884 1069 958 1134 eole
973 1069 1141 1133 clamant⁸

215 1184 311 1262 Eole,
330 1190 438 1270 tuque
451 1185 534 1249 dato
554 1186 684 1249 mulces
698 1187 757 1270 qui
777 1185 891 1250 cerula
908 1191 1026 1271 ceptro

213 1301 396 1367 Vndarum
408 1308 561 1386 neptune
575 1308 713 1388 potenS,
731 1303 812 1367 date
823 1309 967 1368 numen¹
981 1303 1085 1368 ituris

150 1411 152 1415 ’
215 1417 252 1482 Si
266 1416 422 1494 reduces,
439 1419 574 1484 meritis
584 1439 714 1484 numen
733 1420 939 1484 sacrabitur¹
953 1423 1038 1499 aris,

215 1535 300 1599 Mox
314 1540 450 1600 certant
465 1528 597 1601 in'vota
614 1536 691 1614 der,
713 1537 934 1621 gaudentque
950 1539 1079 1613 vocati,

215 1652 280 1716 Hic
294 1652 411 1717 faciles
433 1653 603 1736 proclinat
619 1673 741 1737 aquas,
757 1653 813 1717 hic
828 1659 951 1718 euocat
964 1657 1087 1717 austro

214 1768 281 1845 Qui
297 1769 374 1832 uela
387 1768 422 1833 in
434 1775 579 1854 pregnet
591 1770 631 1851 lb)
644 1771 835 1854 zephirum,
850 1774 909 1855 qui
922 1770 1044 1854 pulxet
1056 1771 1100 1833 ab
1115 1774 1195 1832 acta

212 1886 313 1950 Nube
331 1885 432 1964 diem,
447 1906 551 1950 cursu
571 1887 712 1950 tandem
735 1886 905 1970 producta
921 1891 1057 1952 sereno¹

216 2003 361 2068 Labitur
376 2007 412 2066 in
426 2007 550 2086 portus
562 2003 682 2087 frigios
695 2004 793 2078 ratis,
811 2004 967 2087 improba
985 2005 1097 2088 pubes

218 2120 365 2199 Emicat,
380 2126 415 2184 et
430 2120 567 2184 uetita¹⁰
582 2126 718 2184 certant
732 2121 854 2185 tellure
869 2121 986 2205 potirj,

218 2237 327 2300 Fama
340 2255 470 2299 nocens
485 2237 640 2299 subitum
655 2237 795 2300 sichea¹¹
811 2239 848 2316 (c)
866 2237 901 2300 in
915 2256 1022 2321 regna
1042 2235 1237 2301 tumultum

220 2353 373 2439 Spargit,
392 2358 427 2416 et
442 2352 586 2415 insidias
600 2351 728 2436 populo
746 2353 886 2437 regique
901 2353 1067 2431 minatur,
1114 2331 1117 2338 ⁵

220 2470 386 2534 Dardana
401 2473 430 2532 si
444 2479 566 2532 coeant
580 2472 758 2553 peregrine
772 2469 816 2533 ad
832 2470 931 2534 litora
947 2470 1077 2534 classes

224 2586 308 2650 Plex
322 2586 485 2669 (d)]excita
498 2584 592 2664 furit,
608 2605 670 2648 nec
684 2587 785 2648 abest
799 2585 857 2671 quj
873 2587 1157 2650 laomedontem¹¹

278 2775 469 2856 ¹Benignos
491 2772 566 2835 fecit
599 2774 674 2855 quia
713 2782 786 2837 ante
813 2794 907 2837 usum
936 2775 1048 2850 nauiS,
1063 2793 1122 2838 nec
1150 2774 1242 2838 inuo-

223 2876 357 2940 cabatur
372 2872 473 2946 eolus,
486 2891 544 2934 nec
558 2880 729 2934 uentorum
744 2873 808 2935 aris
819 2892 877 2936 nec
889 2874 957 2956 ipse
971 2882 1143 2957 neptunus
1156 2873 1242 2936 unde

225 2975 302 3038 dicit
316 2977 542 3056 conlemptus,
559 2981 618 3035 etc.
652 2977 720 3016 —2
743 2972 851 3035 Euius.
872 2976 937 3018 -²
961 2973 1135 3037 Uentorum
1159 2991 1243 3034 unus

226 3083 286 3137 est,
304 3108 345 3119 -
358 3072 504 3134 ¹Primus
517 3071 550 3133 in
565 3071 642 3134 orbe
657 3072 734 3133 deos
744 3071 819 3133 lecit
833 3072 929 3134 timor
943 3071 997 3152 (cl,
1014 3080 1046 3134 et
1068 3070 1242 3153 quomodo

227 3191 291 3236 non
309 3170 417 3234 amor?
438 3169 600 3252 quisuis,
627 3178 686 3232 etc.
702 3205 743 3215 -
757 3173 768 3204 ¹¹
783 3171 977 3249 Argonauta
996 3206 1037 3216 -
1057 3173 1069 3207 ⁶
1086 3169 1243 3231 Fauorem

230 3279 384 3334 uestrum.
400 3305 441 3315 —
454 3274 464 3306 ¹
479 3269 571 3343 Quod
585 3269 618 3330 in
635 3269 739 3330 reditu
760 3277 870 3330 nostro
890 3287 976 3331 noua
1009 3267 1103 3330 uobis
1122 3267 1243 3350 templa

228 3377 459 3432 construemus.
474 3370 541 3413 -⁸
558 3366 724 3449 Neptunus
743 3373 774 3428 et
788 3367 888 3429 eolus
909 3402 950 3413 -
966 3369 978 3403 ⁹
993 3366 1067 3430 Dies
1085 3366 1131 3428 nil
1154 3366 1244 3428 aliud

229 3476 277 3531 est
302 3487 400 3550 quam
437 3487 492 3531 aer
514 3465 715 3529 illuminatus
750 3485 808 3548 per
838 3467 1035 3549 presentiam
1078 3464 1166 3529 solis,
1203 3501 1244 3511 -

229 3571 255 3605 ¹⁰
283 3568 310 3631 Α
325 3568 550 3631 Laomedonte.
566 3601 606 3617 ·-
620 3570 643 3601 ¹¹
659 3565 795 3644 Segeum
809 3565 1064 3646 promontorium
1088 3572 1136 3626 est
1165 3571 1243 3645 aput

230 3666 357 3729 troiam.
373 3703 414 3713 -
424 3671 447 3704 ¹²
460 3665 550 3728 Uires
564 3663 787 3727 laomedontis.

262 3819 300 3883 (a)
317 3819 465 3885 Praerepta
479 3817 523 3880 (D.
537 3817 591 3882 D.).
602 3844 630 3854 -
645 3817 684 3881 (b)
699 3816 806 3881 Purget
820 3816 863 3878 (D.
873 3816 927 3881 D.).
945 3820 1015 3879 -(c)
1029 3816 1114 3881 Sigea
1123 3815 1167 3881 (D.
1184 3815 1239 3879 D.).

233 3928 261 3939 -
277 3900 323 3963 (d).
340 3899 408 3965 Leg.
426 3899 515 3964 plebs.
531 3922 562 3937 -
577 3901 611 3959 (e)
624 3897 665 3948 Ea
680 3896 752 3949 dixit
766 3897 931 3948 Petronius.
