2678 4718
682 334 891 411 -ne-²

251 498 385 564 Exeris¹
405 517 447 562 en
459 496 636 592 *blamdas’
658 516 760 561 aures
775 517 817 561 en
832 480 953 591 pectus
969 498 1146 578 amicum⁸,

252 615 385 680 Mnlces
400 613 603 698 uulguarern
618 612 743 678 leuius⁴
756 620 904 698 pass'nra
919 615 1140 681 cachinnum⁸

255 732 293 799 Si
303 733 447 795 nostris⁸
462 730 509 792 nil
525 726 623 794 dulce
638 734 769 795 nouum
782 726 830 794 nil
842 731 926 795 utile
942 730 1085 806 visum⁷,

207 862 210 868 ·
254 826 357 941 Quod
367 823 491 912 'tenere
506 848 642 930 pariant
654 838 695 927 (a)
709 828 830 932 annj'si
845 847 961 912 secula
975 852 1125 915 tamtum

255 950 373 1031 Aurea
390 965 524 1028 saturni
539 967 747 1028 memorantl
762 960 797 1027 et
814 964 909 1028 nulla
923 967 1088 1031 recemtis

255 1081 379 1173 Gratia
393 1079 547 1162 virtutis,
561 1076 649 1145 aude
664 1083 781 1144 tamen
796 1080 905 1147 ardua
926 1083 1048 1167 pubes,

254 1199 375 1264 Mento
389 1201 574 1262 canescant
590 1196 726 1281 aliijnos
738 1203 854 1263 mente
867 1198 989 1282 capillo

252 1296 334 1381 Nos
341 1317 469 1388 animo,
483 1312 579 1390 facie,
595 1334 660 1378 nos
674 1319 810 1399 pectore
824 1318 983 1399 tempora
995 1320 1087 1379 certe
1175 1294 1178 1299 ’

252 1432 432 1497 Virtutem
442 1449 512 1495 non
525 1429 841 1517 primawneguant,
857 1451 928 1495 non
943 1431 1090 1495 ultima¹¹
1110 1430 1246 1496 donant

253 1549 407 1633 Cumque
423 1547 464 1628 (b)
479 1547 606 1632 duplex
623 1552 726 1613 etas¹’
744 1551 861 1612 uarios
874 1546 1063 1613 contendat
1075 1547 1111 1611 in
1125 1567 1214 1614 rsus

254 1664 327 1732 Hec
341 1663 437 1750 uiget
447 1663 506 1728 illa
516 1663 615 1739 iacet,
633 1664 696 1729 hec
707 1664 856 1748 pululat,
870 1664 928 1729 illa
940 1664 1110 1740 fatiscit¹³,

299 1927 351 1991 ¹1.
379 1947 407 1990 e.
437 1943 606 2010 apparens
639 1932 671 1988 et
701 1924 879 1988 notandum
903 1925 991 2008 quod
1021 1924 1169 2008 attribujt
1194 1925 1266 1990 ueri

251 2024 312 2092 tui
339 2024 485 2100 menbra,
514 2042 589 2087 oum
608 2022 648 2086 sit
674 2031 781 2086 tamen
805 2043 855 2086 res
881 2023 1078 2106 incorporea,
1098 2031 1130 2087 et
1153 2033 1278 2088 utatur·

253 2142 465 2209 prosopopea,
480 2123 502 2184 i.
525 2141 553 2184 e.
563 2119 764 2202 {formatione
776 2140 860 2185 noue
888 2140 1034 2205 persone.
1059 2155 1099 2170 -
1121 2127 1134 2159 ²
1157 2122 1268 2186 Blan-

257 2220 320 2287 dus
338 2221 409 2285 tibi.
426 2257 462 2268 -
490 2219 681 2284 ³Amicum
692 2219 762 2283 tibi.
780 2225 845 2266 -⁴
865 2220 1086 2284 Tolerabilius.
1106 2259 1147 2268 —
1174 2226 1185 2258 ⁵
1210 2223 1278 2286 llo·

255 2323 371 2387 dernos
384 2321 490 2402 arguit
513 2320 629 2403 quibus
652 2329 762 2384 uetera
787 2319 914 2404 placent
930 2329 961 2383 et
975 2340 1061 2395 noua
1083 2321 1269 2406 displicent,

254 2440 328 2485 oum
339 2428 447 2483 tamen
464 2420 591 2483 nouitas
605 2439 685 2502 eque
701 2419 765 2482 suis
779 2419 918 2484 inuentis
941 2429 973 2485 et
995 2421 1147 2505 prodesse
1170 2422 1274 2504 possit

252 2527 285 2583 et
299 2518 458 2584 delectare
480 2517 535 2600 (c).
559 2518 680 2582 inuitat
695 2519 791 2583 etiarn
806 2518 847 2582 ad
864 2519 964 2583 ardua
977 2519 1098 2596 dicens,
1113 2539 1132 2584 o
1148 2520 1273 2606 pubes,

254 2617 276 2680 i.
291 2635 318 2680 e.
335 2617 495 2680 iuuentus.
509 2620 563 2664 -θ
579 2616 603 2680 Ι.
620 2636 648 2679 e.
661 2618 834 2680 modernis.
846 2654 883 2666 -
896 2623 907 2656 ⁷
920 2619 984 2682 Aut
994 2619 1145 2702 prodesse
1159 2618 1276 2683 uolunt

254 2723 310 2779 aut
324 2715 484 2779 delectare
498 2724 601 2798 poete.
618 2751 659 2762 -
685 2719 697 2752 ⁸
719 2716 894 2780 Presentes.
909 2719 976 2763 -l
1003 2716 1027 2778 1.
1052 2734 1080 2779 e.
1102 2718 1129 2780 si
1147 2725 1276 2781 ueteres

254 2820 380 2878 tantum
407 2816 643 2878 commendant.
675 2849 712 2863 ·-
742 2819 766 2852 ¹⁰
796 2813 958 2889 Quantum
986 2815 1027 2878 ad
1056 2815 1201 2878 iuuenes.
1235 2852 1274 2864 -

255 2914 276 2949 ¹¹
293 2911 454 2987 Quantum
478 2914 519 2975 ad
543 2932 645 2987 senes,
669 2931 766 2976 senex
787 2920 856 2975 erat
877 2913 1009 2976 sillenus
1036 2921 1192 2978 ettamen
1218 2915 1273 2978 de-

254 3007 343 3084 lirus,
374 3029 454 3094 puer
477 3012 640 3097 Augustus
666 3018 697 3074 et
731 3019 838 3073 tamon
871 3011 1154 3094 prestantissimus,
1187 3013 1272 3076 vnde

255 3107 290 3172 0.
305 3107 474 3172 Cesaribus
485 3109 618 3190 contigit
632 3118 706 3172 ante
721 3110 818 3173 diem.
833 3145 874 3156 —
889 3114 912 3147 ¹²
928 3109 1081 3173 luuentus
1100 3111 1222 3174 seilicet
1237 3118 1282 3174 et-

255 3214 412 3272 senectus.
430 3212 501 3255 -¹³
513 3207 593 3272 Cum
609 3207 729 3272 deficit.

288 3394 325 3461 (α)
341 3395 465 3448 Pariunt
489 3397 531 3462 (D.
556 3397 611 3462 D.).
628 3425 656 3434 -
674 3397 711 3460 (b)
725 3395 814 3461 Quod
829 3395 935 3462 duplex
952 3397 996 3463 (D.
1013 3396 1068 3462 n).

287 3520 321 3584 (c)
336 3521 413 3573 AEvo
430 3537 495 3583 suo,
508 3522 701 3573 recentiorum
726 3524 823 3588 partes
839 3524 919 3572 tenet
934 3521 1091 3588 Josephus,
1109 3524 1136 3573 et
1153 3522 1268 3588 Horatii

271 3601 369 3668 modo,
387 3597 470 3655 illum
486 3604 634 3670 vituperat
824 3613 826 3617 ’

384 3739 440 3803 Qui
456 3739 531 3791 redit
545 3740 582 3791 ad
597 3740 689 3790 fastos
704 3742 732 3789 et
747 3739 884 3790 virtutem
900 3738 1027 3791 aestimat
1045 3739 1129 3790 annis

380 3820 561 3886 Miraturque
578 3819 651 3870 nihil
666 3818 722 3870 nisi
739 3818 818 3886 quod
834 3818 962 3870 Libitina
977 3821 1111 3871 sacravit.

906 3917 1009 3987 (Epist.
1029 3919 1115 3982 11,1.)
