2678 4718
623 353 725 432 -isa
740 406 775 418 -

196 519 296 583 Jlios¹
313 523 457 603 equaret
469 517 595 600 gemini
607 517 822 581 discrimina*
839 519 974 582 mundi¹

195 637 231 698 Si
248 640 364 719 spacio
378 640 566 718 contenpta
581 639 660 698 suo‘
674 637 790 698 minus
804 637 961 718 improba
975 635 1063 699 ceio⁸

195 754 368 824 parceret,
385 756 491 835 atque
504 750 612 815 alium
625 751 694 814 iam
709 769 781 814 non
795 758 1012 834 presumeret
1026 755 1147 816 orbem

194 871 230 932 Si
245 869 401 953 flegram⁶
413 867 566 932 conferre
582 868 686 932 uelim
700 869 745 951 (a)
762 869 791 931 si
808 869 954 951 uirginis
966 888 1064 933 arces

196 986 335 1059 Asirie⁷‚
351 985 437 1049 ieret
455 985 518 1048 hec
531 983 653 1068 pocius
666 984 879 1048 discrimina⁸
893 984 1011 1067 lingue

195 1102 279 1166 Tela
288 1103 408 1186 Jouis⁹,
423 1100 509 1164 nulli
529 1103 719 1182 spaciosior
735 1101 854 1164 ethere
867 1106 1015 1165 tractus'

195 1221 360 1302 Contigit,
379 1219 466 1282 haut
492 1223 632 1282 tantum
656 1219 795 1301 paciens
816 1219 987 1298 includit¹⁰
1001 1220 1049 1303 (b)
1062 1220 1216 1302 olimpius

197 1338 291 1400 Pene
305 1356 408 1419 pares
422 1342 538 1399 turres
551 1339 665 1399 totam
681 1341 893 1419 sparguntur
906 1340 941 1399 in
956 1338 1091 1400 urbem·

199 1453 404 1536 Ciclopum¹¹
416 1451 510 1515 fasse
522 1451 692 1527 studium,
707 1452 861 1536 cinisque
876 1458 1049 1536 superbus

200 1570 300 1656 Celsa
313 1576 437 1653 petens
452 1568 587 1632 fastidit
602 1568 761 1642 humum,
778 1569 958 1652 surgencia
975 1571 1109 1653 passim

199 1687 351 1751 Exaiant
369 1686 511 1768 piceas¹⁸
525 1688 665 1749 incensa
679 1684 826 1768 piralia¹²
839 1687 1001 1751 flammas

203 1804 317 1889 Iugeri
329 1803 517 1886 eucalagon
533 1805 576 1884 (c)
595 1822 805 1866 consumens
820 1821 901 1866 aera
919 1809 1013 1867 tecto
1123 1812 1146 1882 γ

200 1921 344 1984 Arduus
359 1920 430 1982 alta
445 1924 542 1983 tenet
557 1920 619 2000 (d),
634 1919 807 1982 anthenor
820 1921 979 1983 menibus
994 1921 1093 2004 equis

201 2037 331 2110 Certat,
361 2042 396 2100 et
422 2037 464 2117 (e)
492 2038 697 2100 inconstans
723 2056 816 2099 nunc
841 2036 978 2100 maior¹⁴
996 2056 1088 2101 nunc
1102 2038 1218 2101 minor

1095 2157 1115 2200 e
1139 2139 1217 2200 ris¹⁸

201 2232 373 2298 'Anchises
388 2237 498 2315 parcit
512 2233 668 2314 pedibus
685 2253 897 2318 gressusque
912 2235 953 2318 (t)
968 2138 1137 2318 perustisg

240 2424 371 2486 ¹Turris
393 2423 539 2500 regia·
562 2424 574 2457 ²
597 2422 621 2484 l.
638 2443 666 2485 e.
696 2434 776 2486 esset
806 2427 838 2487 in
872 2424 977 2488 media
998 2427 1162 2489 distantia.
1181 2462 1219 2476 -

205 2528 216 2559 ³
237 2522 416 2604 Superioris
436 2531 467 2581 ut
487 2519 658 2583 inferioris.
687 2529 754 2568 -⁴
781 2525 847 2585 Sibi
883 2543 1037 2605 congruo.
1059 2560 1098 2572 -
1127 2527 1219 2588 ‘Su-

204 2621 320 2704 periori
336 2621 467 2681 mundo.
485 2655 524 2665 —
546 2620 598 2680 ⁶1.
616 2640 643 2681 u.
672 2623 921 2684 cumulationem
941 2624 1098 2685 montium
1115 2625 1145 2684 in
1163 2625 1219 2686 tlu-

205 2733 260 2796 {rra
277 2718 505 2779 [rainiariam.
523 2754 536 2762 -
550 2723 585 2762 ·'
603 2718 627 2778 i.
645 2740 672 2779 r.
698 2720 917 2781 Semiramidis
936 2741 999 2803 que
1019 2732 1088 2783 erat
1107 2723 1217 2802 regina

205 2818 390 2878 assiriorum
425 2825 453 2876 rt
483 2816 654 2881 babilonis.
685 2817 737 2877 ubi
767 2818 913 2879 edificata
940 2820 998 2881 i'uit
1034 2821 1130 2882 turris
1144 2839 1221 2882 con-

208 2915 352 2985 susionis,
368 2922 399 2974 at
415 2915 591 2975 notandum
607 2916 692 2994 quod
705 2916 766 2976 hoc
781 2934 896 2977 nomen
912 2917 1004 2997 uirgo
1024 2918 1220 3000 quandoque

206 3023 252 3075 ost
269 3032 384 3075 nomen
400 3013 496 3074 etatis·
508 3012 701 3095 quandoque
729 3032 845 3076 nomen
867 3015 1069 3096 integritatis.
1086 3051 1127 3060 -
1141 3019 1153 3052 ⁸
1168 3015 1221 3078 Di-

206 3113 347 3175 uisionus
374 3112 559 3192 linguarum
591 3119 747 3194 quantum
776 3114 816 3174 ad
845 3126 951 3175 arcem
983 3113 1155 3177 babilonis.
1179 3151 1222 3160 -·

205 3213 394 3286 9Quantum
408 3213 449 3274 ad
465 3212 596 3290 ilegram
618 3219 649 3271 rt
664 3210 781 3292 quaro?
795 3211 875 3284 Quia
891 3210 993 3294 nulli,
1010 3220 1069 3274 etc.
1080 3217 1153 3258 —¹⁰
1169 3213 1221 3274 in-

207 3310 342 3372 duisisse
377 3310 549 3372 uidebatur
569 3328 641 3370 cum
659 3309 688 3370 oi
714 3317 840 3371 tantum
869 3311 966 3392 spacij
997 3311 1127 3393 impune
1149 3331 1222 3392 per-

208 3410 382 3471 miserit-
396 3411 419 3446 ¹¹
429 3409 509 3484 Quia
524 3409 645 3470 maiora
654 3408 778 3471 edificia
794 3409 952 3490 ciclopum
967 3409 1104 3472 artificio
1116 3410 1220 3474 soient

207 3507 350 3587 attribui.
366 3543 408 3554 -
422 3512 444 3544 ¹²
461 3509 593 3589 Propter
604 3507 787 3569 fumum,·-
803 3511 826 3544 ¹³
840 3507 975 3588 Caminj.
991 3544 1032 3554 —
1046 3512 1072 3546 ¹⁴
1084 3509 1165 3590 Quia
1181 3530 1221 3571 ex

207 3627 271 3669 una
287 3618 376 3690 parte
390 3606 601 3681 claudicabat,
618 3627 657 3670 ex
672 3608 736 3669 alia
751 3612 902 3670 nom-¹⁵
910 3606 990 3680 Quia
997 3608 1130 3677 claudus
1138 3619 1219 3670 erat‘

242 3782 278 3839 (a)
300 3777 382 3827 Veiis
400 3778 441 3837 (D.
459 3777 512 3839 D.).
533 3806 562 3815 -
578 3778 615 3839 (b)
634 3778 759 3828 Indulsit
780 3779 823 3839 (D.
846 3779 900 3839 Π).
927 3806 957 3817 -
969 3772 1131 3845 (ο)“Ιη’ςευῐί
1146 3780 1219 3851 Uca-

208 3861 294 3924 legun
311 3858 356 3922 (D.
373 3858 438 3917 D.)..
451 3884 477 3895 -
490 3858 527 3915 rd-
550 3859 626 3908 Petit
650 3859 696 3917 (D.
709 3860 762 3911 DJ.
779 3860 852 3918 —(e)
861 3863 900 3909 At
913 3861 955 3918 (D.
974 3861 1074 3921 D.)·'·-
1089 3864 1119 3921 (ti
1138 3861 1222 3912 Gres-

210 3954 334 4005 sumque
345 3940 389 4000 (D.
407 3940 460 4000 D.).
942 3944 945 3948 '
