2678 4718
702 417 845 471 ...92-

264 555 458 621 omiserunt
470 560 622 620 carmina
649 577 799 640 quorum
818 559 929 637 gratia
960 576 1023 641 pro
1052 562 1146 622 certo
1175 557 1283 621 lector

264 671 445 734 habuisset
460 672 555 736 istud
569 693 702 756 poema,
719 693 790 736 non
803 672 939 748 Romae,
957 674 1018 737 sed
1037 674 1071 736 in
1085 651 1279 748 Britannia,
1333 683 1336 688 '

265 787 366 849 medii
382 791 448 850 aevi
472 790 699 871 temporibus
724 788 902 852 conditum
917 789 1036 852 luisse.
1053 788 1108 852 lta
1121 789 1181 864 illi,
1199 789 1281 852 Bal-

236 926 240 932 ·
264 901 369 966 duino
384 908 617 967 cantuariensi
632 905 890 988 archiepiscopo
912 904 1163 968 dedicationem
1176 905 1282 968 omit·

262 1023 344 1082 tunt
373 1038 565 1103 versusque
580 1020 615 1082 in
630 1019 757 1100 quibus
769 1019 904 1083 Hectori
921 1020 1122 1098 Henricum,
1145 1019 1283 1104 Anglo·

261 1153 340 1198 rum
364 1154 493 1219 regem,
509 1139 717 1219 aequiparat.
740 1135 877 1199 Primus
886 1136 1029 1199 tandem
1041 1135 1183 1200 Samuel
1198 1134 1286 1200 Dre-

265 1251 395 1315 semius
411 1256 446 1315 et
460 1251 539 1314 dein
553 1251 586 1314 J.
600 1251 724 1316 Morus
747 1252 914 1335 Josepho,
931 1253 1032 1315 aunis
1045 1253 1125 1316 1620
1139 1256 1175 1316 et
1187 1252 1283 1333 1675,

265 1369 494 1430 restituerunt
512 1387 651 1431 carmen
665 1368 707 1431 de
726 1367 815 1431 bello
838 1366 1002 1450 Trojano,
1023 1387 1194 1452 noraeque
1210 1369 1284 1432 edi·

265 1483 392 1560 tioneS,
406 1483 462 1545 his
476 1486 693 1560 curantibus
702 1483 804 1548 factae
815 1484 966 1548 fuerunt.
982 1483 1050 1548 Sed
1056 1484 1160 1568 juxta
1174 1490 1284 1568 atque

266 1599 418 1662 editores
442 1599 491 1663 illi
516 1601 576 1684 qui
606 1599 764 1664 Cornelio
789 1600 918 1683 Nepoti
948 1620 1038 1683 opus
1065 1599 1281 1675 tribuebant,

265 1720 384 1798 partes
401 1717 628 1796 neglexerunt
643 1716 771 1798 quibus
785 1717 929 1799 patebat
948 1720 1126 1778 auctorem
1140 1733 1283 1799 poema-

264 1835 311 1894 tis
333 1835 424 1895 inter
445 1833 654 1922 recentiores
676 1832 914 1897 collocandum
930 1852 1027 1905 esse;
1055 1837 1174 1914 partes
1198 1851 1284 1895 uero

263 1947 399 2011 istosin
413 1949 591 2011 veteribus
603 1948 850 2030 manuscriptis
865 1948 1040 2011 codicibus
1063 1953 1205 2011 tanturn
1233 1948 1284 2010 in·

264 2063 382 2127 venire
395 2069 569 2147 poterant.
583 2063 690 2146 Apud
710 2082 769 2127 eos
793 2063 921 2147 itaque,
940 2063 1031 2127 sicut
1045 2064 1135 2146 apud
1149 2064 1285 2147 primos

265 2179 429 2257 editores,
454 2179 706 2243 dedicationem
731 2179 877 2246 Thomae
905 2177 1075 2244 Baldnino
1101 2200 1172 2243 non
1190 2184 1285 2245 inve

263 2300 337 2358 nire
352 2299 418 2368 est,
434 2295 647 2378 verbumque
665 2293 794 2358 cantia
809 2314 878 2377 quo
902 2295 1080 2378 Josephus
1099 2295 1284 2360 dioecesim

264 2412 423 2495 designat
446 2410 546 2494 cujus
574 2409 851 2493 archiepiscopus
871 2417 945 2474 erat
968 2410 1172 2489 Balduinus,
1200 2433 1285 2477 con-

263 2527 413 2591 vertitur
447 2527 483 2589 in
525 2525 654 2588 Tantia
689 2530 752 2589 aut
777 2526 921 2590 Pontia.
950 2527 1015 2604 Ita,
1041 2529 1134 2611 apud
1160 2529 1286 2594 Drese·

265 2645 374 2706 mium
387 2650 421 2706 et
436 2643 575 2706 Morum
589 2642 714 2727 legitur
728 2664 735 2704 :

391 2830 469 2894 Quin
482 2835 511 2882 te
527 2831 657 2895 Cecropii
669 2832 791 2882 mentita
806 2832 921 2882 licentia
935 2833 1010 2898 pagi,

387 2912 424 2962 Et
439 2908 546 2962 laedant
561 2912 699 2975 figmenta
714 2918 803 2976 pater,
820 2926 879 2977 quo
889 2911 1013 2978 praeside
1026 2912 1109 2964 floret

374 3019 376 3023 >
392 2992 506 3044 Pontia.

188 3162 191 3169 '
265 3164 348 3225 dum
364 3163 398 3224 in
412 3163 649 3246 manuscripto
664 3162 778 3226 codice
792 3162 947 3227 invenies
964 3186 971 3227 :

388 3352 464 3416 Quin
481 3357 511 3404 te
527 3352 643 3419 cicropii
654 3352 777 3403 mentita
793 3352 911 3403 licencia
921 3355 990 3420 pagi

389 3435 425 3484 Et
438 3433 538 3484 ledant
552 3434 692 3499 figmenta
706 3437 788 3498 pater
803 3446 861 3497 quo
874 3435 988 3500 presule
1006 3434 1089 3485 lloret

392 3515 518 3566 Camcia.

306 3725 345 3786 ln
369 3724 490 3787 eodem
501 3725 698 3789 Nationalis
723 3723 947 3791 Bibliothecae
971 3725 1085 3790 codice
1106 3727 1217 3811 15015,
1244 3731 1279 3793 in

265 3858 334 3921 quo
349 3844 459 3922 reperi
482 3841 625 3923 Josephi
640 3861 775 3924 poema,
791 3842 906 3904 inveni
924 3841 1064 3904 notulas
1090 3846 1195 3906 tertio
1223 3843 1279 3906 de-
