2678 4718
596 342 753 395 -125-

703 418 722 449 ο

167 478 193 540 F
195 498 241 541 ax
256 499 389 564 puppes
411 480 535 544 iniecta
556 482 654 566 petit,
668 482 839 546 cunabula
859 487 1019 547 ‘mauors

166 595 328 678 Cypridis
345 584 487 663 infestat
498 599 617 678 armis,
637 600 772 684 lepnius
787 601 834 685 (a)
850 603 929 685 igne
942 601 983 684 (b)

165 712 262 777 Tunc
279 716 431 798 primum
446 716 545 781 bellis
562 719 681 782 rubuit
695 738 801 793 mare,
826 717 1007 801 sanguinis
1028 719 1107 789 illas

163 829 288 895 Murex
305 832 424 897 hausit
436 853 531 918 opes,
548 853 637 917 quas
652 835 785 898 nudum
801 837 843 917 (c)
859 834 987 899 oblitus
1009 839 1045 899 in
1064 857 1176 900 annos

162 945 350 1012 Preseutes
367 949 525 1013 meminit
538 969 727 1043 regumque
743 951 906 1035 expendit
920 954 956 1014 in
974 959 1074 1016 usus*

163 1062 306 1130 Scilleos
322 1087 413 1130 noua
427 1069 533 1151 preda
545 1089 647 1133 canes
657 1069 702 1132 ad
716 1069 836 1132 funera
852 1068 957 1132 mesti

163 1179 321 1267 Gurgitis
336 1183 462 1249 inuitat
481 1187 536 1267 (d),
553 1190 678 1250 coeunt
698 1185 909 1250 latrantibus
926 1185 1028 1248 undis

160 1299 346 1366 Monnstra
363 1303 461 1366 sinus
488 1303 612 1385 siculi³‚
636 1277 757 1369 debinc
772 1304 901 1368 hausto
919 1307 1072 1367 nectare⁴
1100 1300 1174 1368 diro

158 1417 205 1480 lu
219 1417 308 1482 freta
327 1426 539 1504 sparguntur
557 1420 704 1485 similem
722 1421 888 1485 uenancia
905 1425 1054 1504 pontum
1069 1419 1119 1503 (b)

238 1535 289 1600 At
302 1534 443 1603 fremitu
456 1544 599 1622 accepto
614 1557 739 1602 nereus
758 1556 928 1602 excussus
943 1538 986 1601 ab
1002 1536 1116 1621 antris

160 1652 309 1716 Mutatis
326 1656 362 1734 (e)
376 1655 548 1719 horrescit
562 1676 604 1739 aq
611 1655 674 1733 uis,
690 1655 777 1738 fontj
798 1674 866 1738 que
891 1653 1054 1738 relapsus

158 1770 368 1835 Nasceutem
386 1772 545 1857 explorat
558 1792 683 1836 urnam
697 1776 761 1857 Ἣ),
781 1773 857 1837 viso
872 1792 938 1856 que
953 1775 1070 1834 meatu

163 1887 277 1964 Quem
291 1889 441 1973 genitrix
458 1895 585 1954 natura
601 1890 706 1963 dedit,
726 1892 880 1954 securior
902 1889 975 1953 exit

158 2001 239 2066 Jmo
259 2004 363 2087 agite⁶
378 2005 534 2069 inmisso⁷
550 2006 694 2069 bellum⁸
708 2009 900 2070 consumite
914 2011 1024 2089 ponto

159 2119 216 2203 Dij
232 2121 331 2205 siqui
347 2122 532 2198 undarum,
548 2128 647 2206 rapte
662 2142 729 2205 que
743 2121 935 2186 athalaute⁹
950 2121 1119 2205 repulso¹⁰

159 2235 379 2302 Euoluantur
392 2240 439 2323 (9)
453 2260 555 2323 aque¹
576 2239 683 2303 iatis¹¹
701 2242 825 2302 iniuria
842 2237 954 2322 prima

201 2393 353 2456 ¹Seilioet
380 2412 468 2455 mare
482 2393 558 2476 quia
573 2412 611 2455 ex
640 2393 760 2476 spumis
785 2391 883 2454 maris
897 2398 929 2453 et
949 2390 1106 2453 testiculis
1129 2409 1178 2453 sa-

159 2491 245 2553 turni
265 2499 340 2554 nata
353 2499 401 2555 est
414 2511 527 2554 uenus.
544 2496 609 2538 -¹
625 2492 758 2573 Propter
784 2507 961 2573 purpuram
990 2489 1118 2551 dieitur.
1136 2523 1176 2534 —

159 2593 170 2626 ³
194 2589 274 2662 Quia
290 2591 322 2652 in
345 2586 426 2653 inari
449 2590 549 2653 siculo
564 2591 748 2653 dominatur
762 2589 846 2663 silla,
863 2597 894 2650 et
909 2595 956 2649 est
972 2586 1045 2649 silla
1067 2605 1176 2649 mons-

159 2696 245 2749 trum
260 2689 431 2763 marinum,
449 2688 489 2750 ab
505 2688 643 2769 imagine
665 2688 810 2770 superius
824 2687 858 2747 in
880 2685 1017 2748 formam
1039 2685 1178 2766 uirginis

158 2786 311 2867 effigiata,
335 2787 376 2849 ab
397 2787 536 2868 imagine
565 2787 698 2849 inferius
721 2787 753 2847 in
782 2786 918 2848 formam
942 2784 1040 2858 oanis,
1059 2793 1089 2847 et
1105 2784 1177 2847 ideo

157 2884 233 2946 dicit
251 2883 464 2948 latrantibus
475 2885 588 2949 undis.
605 2922 646 2933 -
660 2891 672 2924 ⁴
686 2885 859 2966 Sanguine.
883 2921 924 2930 -
939 2888 951 2919 ⁸
966 2883 1094 2946 Scilicet
1110 2902 1178 2945 sea-

158 2983 329 3064 turiginem
351 2985 459 3047 maris.
475 3021 516 3030 -
543 2985 674 3047 ⁶Uerba
696 2984 858 3049 auctoris..
875 3019 916 3028 -
944 2982 1106 3044 ⁷Laxat-0.
1138 3018 1178 3027 —

159 3082 356 3147 ⁸Bellantes.
377 3120 417 3130 —
444 3086 456 3120 ⁹
478 3084 591 3148 Atlrlas
613 3102 705 3145 mons
733 3083 765 3145 in
786 3082 950 3145 occidente
972 3081 1053 3141 mari
1076 3081 1176 3142 eonti-

159 3199 240 3261 guus
261 3181 316 3264 qui
337 3191 467 3266 propter
482 3183 529 3245 sui
553 3184 676 3265 apicem
698 3180 814 3243 dicitur
840 3180 945 3242 sidera
968 3186 1173 3240 sustentasse.

160 3281 229 3326 ¹⁰-
243 3281 339 3356 Quasi
354 3283 473 3345 diceret
489 3283 618 3344 remotis
633 3279 818 3344 obstaculis.
843 3314 883 3324 —
898 3282 919 3315 ¹¹
944 3277 1024 3351 Quia
1039 3275 1174 3339 fetatum

158 3387 227 3441 erat
241 3381 328 3461 quod
343 3400 442 3443 naues
456 3401 514 3464 per
534 3400 621 3443 mare
643 3381 844 3460 nauigarent.

191 3552 227 3611 (a)
238 3549 305 3614 Leg.
322 3550 467 3600 Lemnius.
483 3576 515 3590 -
530 3551 568 3614 (b)
585 3549 734 3602 Claudicat
749 3560 872 3599 carmen.
890 3544 1013 3610 Legitur
1026 3542 1105 3610 apud
1120 3543 1152 3594 D.
1171 3560 1176 3592 :

160 3648 176 3675 α
198 3629 333 3695 Cypridis
356 3630 474 3680 infestat
489 3631 589 3691 armis,
607 3635 637 3680 et
660 3635 690 3680 et
714 3629 848 3680 Lemnius
877 3628 951 3692 igne.
969 3647 983 3671 >2
1001 3653 1029 3662 —
1045 3628 1077 3685 (c)
1106 3624 1172 3689 Leg.

159 3709 299 3762 nondum.
326 3738 355 3748 -
367 3711 404 3773 (d)
413 3711 521 3763 Mirum
542 3712 640 3762 forsan
656 3711 803 3762 videbitur
820 3731 834 3756 α
849 3708 964 3759 scilleos
979 3720 1065 3756 canes
1089 3725 1102 3750 n
1126 3705 1178 3754 tali

160 3791 223 3842 loco
232 3792 355 3843 effusum
363 3807 494 3844 cruorem
503 3792 619 3843 bibisse.
631 3821 659 3830 -
669 3794 702 3858 (e)
713 3790 919 3850 Motatis‘(D.D
931 3792 959 3851 )..
967 3812 996 3824 ·-
1014 3789 1046 3851 (t)
1062 3787 1175 3837 Lunam

160 3873 202 3932 (D.
222 3872 267 3936 D.)
283 3901 311 3910 -
327 3874 364 3938 (9)
382 3873 541 3924 Evolvatur
552 3874 594 3933 (D.
612 3875 665 3933 D.).
684 3900 712 3911 -
726 3874 763 3935 (b)
780 3872 886 3922 Potum
903 3869 945 3931 (D.
964 3867 1007 3932 D).
