2678 4718
712 353 846 407 -ol-

310 496 472 582 Nonne,
504 497 606 570 dum
641 497 847 592 Josephus
883 496 1080 595 loquitur,
1115 496 1271 592 primos

261 632 458 717 virorum,
490 640 715 731 antequam
754 631 1026 730 depugnetur,
1059 631 1272 714 decursus,

262 769 491 865 prospicere
507 791 625 863 posse
641 752 900 840 eiristimures
920 791 929 838 t

262 981 365 1046 Haud
383 1001 490 1054 mora,
514 1001 583 1044 non
595 981 685 1064 jussi
699 982 808 1059 lituu,
825 999 897 1044 non
911 999 980 1044 aere
997 979 1122 1050 vocati,

262 1081 473 1164 Conspirunt
486 1079 532 1144 ud
546 1077 635 1143 bella
653 1082 729 1150 viri,
746 1079 808 1142 sed
823 1085 859 1144 et
870 1099 969 1142 arma
983 1078 1142 1143 tumultu

262 1176 366 1241 Plebs
377 1175 480 1259 rapit,
497 1181 531 1240 et
546 1176 688 1240 vibrans
702 1196 792 1261 quos
806 1196 877 1240 non
894 1178 981 1241 bene
994 1179 1143 1240 noverat
1158 1191 1275 1241 enses,

263 1277 413 1360 lngenue
432 1275 533 1338 irasci
552 1274 665 1354 discit,
685 1274 904 1359 multumque
930 1278 1095 1348 minatur,

264 1374 333 1437 Sed
346 1375 481 1438 iactura
495 1393 618 1459 purum
637 1396 643 1435 :
661 1373 741 1438 terit
761 1372 816 1439 hic
834 1378 870 1438 in
883 1373 979 1438 frena
989 1373 1138 1458 jugales,

263 1475 344 1538 Non
359 1475 501 1557 longum
520 1493 709 1538 mansurus
727 1493 844 1559 eques
864 1476 966 1558 ruptd
985 1472 1042 1536 ille
1060 1471 1219 1556 superbit

265 1573 409 1637 Casside
412 1620 541 1638 ..........

263 1673 307 1735 Hi
323 1692 424 1737 suras
438 1672 585 1756 riguisse
599 1677 756 1756 stupent;
773 1672 820 1749 hi,
837 1671 987 1755 pondere
1009 1670 1102 1743 victi,

265 1771 305 1834 ln
317 1773 457 1856 clypeos
472 1777 601 1836 nutant
606 1819 709 1836 ........

678 1916 777 1934 ........
783 1870 890 1953 gemit
905 1869 1009 1934 anxia
1023 1874 1177 1934 matrum

264 1969 398 2033 Turba¹
418 2016 488 2033 ......
509 2019 515 2032 .

314 2162 509 2236 Libenter
550 2185 713 2260 quoque
750 2185 852 2235 auro
896 2159 1132 2259 splendidus
1171 2159 1281 2234 aedes

264 2298 518 2397 gemmisque
552 2298 806 2395 conspicuas,
849 2302 896 2369 ut
928 2295 1107 2394 aequules
1144 2302 1280 2394 poetae

263 2434 462 2533 plerique,
491 2454 603 2505 more
627 2432 804 2517 arabico,
833 2429 1027 2509 describit
1054 2430 1277 2527 Josephus,

263 2564 563 2663 Virgilianique
579 2565 691 2639 haud
707 2566 924 2639 immemor
948 2566 1139 2662 exempli,
1171 2565 1281 2638 Teu-

262 2700 367 2774 thrae
386 2700 619 2796 sepulcrum
638 2702 855 2786 columnis
878 2701 1007 2797 signis
1033 2702 1274 2799 ectypisque

263 2836 340 2909 viri
364 2833 614 2932 imaginibus
634 2842 828 2909 ornatum
847 2834 1051 2911 ostendit*
1070 2860 1079 2907 z

590 3040 745 3105 Gemmae
761 3059 850 3125 quas
865 3039 994 3104 littoris
1010 3040 1086 3103 Indi

266 3139 375 3204 Dives
395 3159 502 3204 arena
520 3142 618 3225 gerit,
632 3160 756 3204 aurum
778 3138 873 3225 quod
887 3140 1040 3224 parturit
1054 3139 1217 3218 Hermus,

266 3242 304 3304 In
317 3242 434 3304 varias
447 3239 572 3304 vivunt
587 3239 730 3323 species,
747 3238 878 3325 ditique
897 3239 1059 3303 decorum

301 3472 310 3503 ι
325 3459 387 3511 Lib.
407 3460 429 3522 1,
441 3473 516 3510 vers.
530 3459 586 3510 308.

297 3557 463 3610 *Guidonis
479 3559 515 3609 de
527 3556 697 3622 columpnis
716 3555 879 3621 exemplum
893 3555 923 3606 iu
950 3556 996 3606 his
1016 3555 1097 3623 sequi
1121 3554 1285 3621 Josephum

266 3641 415 3695 contendit
430 3640 558 3691 Warton
590 3637 680 3702 (Hist.
703 3636 737 3702 of
762 3634 849 3702 Eupl.
874 3636 968 3699 Poet,
984 3643 1054 3690 tom.
1073 3637 1120 3696 111,
1151 3650 1217 3702 pag.
1243 3637 1286 3697 92)

266 3739 356 3791 quum
372 3723 435 3789 ipse
456 3720 621 3772 Guidonem
636 3731 746 3768 annum
761 3717 836 3768 circa
859 3718 921 3770 1260
947 3718 1053 3769 librum
1068 3717 1176 3768 fatetur
1192 3718 1284 3783 scrip-

266 3806 347 3866 sisse,
365 3803 586 3870 Josephumque
600 3799 728 3851 vidimus
744 3798 779 3850 de
790 3799 870 3851 Bello
887 3801 1015 3867 Trojano
1031 3813 1144 3850 carmen
1164 3812 1286 3864 compo=

266 3879 360 3937 suisse
374 3890 440 3938 aute
455 3896 573 3941 anuum,
587 3881 656 3931 1190.
