2678 4718
717 356 855 410 ..50-

284 496 497 568 Dresemio
523 520 532 567 :
555 522 574 567 a
596 496 713 571 Vixit
731 518 855 595 porro
872 494 1120 596 [Josephus}‚
1147 496 1289 572 ait·ille

285 630 533 714 Dresemius‚
549 628 697 717 seculo,
715 653 797 730 quo
812 630 931 706 bonae
950 638 1058 706 artes
1078 638 1119 706 et
1138 626 1290 730 linguae

285 762 454 838 adverso
487 789 609 839 amne
644 766 897 849 nitebantur,
918 767 1017 853 imo,
1051 790 1134 864 quo
1154 767 1291 839 literas

284 899 386 971 scire
404 899 613 976 barbaries
628 912 715 974 erat
735 926 745 973 ε
767 926 849 999 quo
863 925 975 975 mera
999 900 1292 999 foriagargari·

284 1056 388 1118 zare,
413 1040 461 1106 ut
475 1035 606 1107 Varro
636 1035 834 1132 loquitur,
856 1037 1040 1109 seculum
1059 1042 1162 1110 erat,
1184 1033 1295 1127 Quid

286 1190 380 1264 ergo
396 1169 564 1254 mirum,
588 1170 622 1241 si
642 1169 742 1266 quid
766 1170 815 1242 de
835 1170 969 1243 seculo
983 1171 1114 1243 trahit
1129 1194 1139 1255 ;
1156 1170 1191 1243 si
1212 1190 1313 1243 non.

245 1339 252 1352 ·
285 1302 423 1373 omnia
440 1302 652 1399 Augusteo
672 1303 846 1376 candore
874 1302 1114 1401 perfundere
1133 1302 1298 1402 potuit?

286 1437 369 1508 imo
411 1438 564 1510 mirum
598 1437 708 1534 quod
751 1462 875 1534 supra
901 1439 1100 1548 saeculum
1139 1437 1298 1536 aliquid

285 1570 513 1668 praestitit¹.
533 1599 550 1641 a
587 1572 689 1662 Quae
712 1596 806 1645 vero
834 1572 937 1645 mihi
962 1571 1015 1646 ab
1046 1573 1161 1645 omni
1184 1579 1300 1670 parte

285 1711 395 1778 recta
425 1728 507 1778 non
528 1705 723 1778 videntur
747 1706 1067 1805 corrigendaque
1096 1728 1299 1781 censeam.

288 1841 460 1939 Scripsit
486 1842 595 1913 enim
623 1841 829 1937 Josephus
854 1847 1039 1938 tempore
1057 1864 1140 1938 quo
1166 1840 1300 1914 maxi·

199 1946 203 1952 Δ
286 1999 403 2048 mum
429 1975 656 2048 litterarum
685 1974 871 2047 studium
889 1974 1064 2048 Galliam
1078 1975 1299 2073 Angliam·

287 2109 1302 2207 queinvaserat,saeculoquequodomniumantea

287 2246 545 2326 saeculorum,
566 2244 859 2339 politissimum
879 2250 922 2316 et
947 2238 1300 2318 litteratissimum

289 2380 372 2452 lore
391 2377 635 2452 videbatur:
659 2377 802 2451 scribis
816 2380 1018 2475 nimirum
1044 2379 1302 2452 numerosio-

288 2510 402 2584 ribus
436 2517 621 2584 veterum
659 2520 781 2608 opera
810 2510 1083 2584 'describenda
1121 2511 1302 2609 praebere

290 2794 335 2842 est
349 2788 451 2856 qu'elle
477 2794 522 2840 est
547 2789 693 2853 l'ouvrage
709 2788 777 2840 d'un
802 2789 910 2839 certain
925 2788 1036 2854 Joseph
1067 2789 1187 2852 lscanus
1189 2826 1239 2840 .....
1269 2789 1306 2840 ee

290 2880 425 2924 morceau
441 2868 568 2920 attribue
583 2870 600 2918 a
614 2870 711 2928 Dares.
740 2869 813 2921 n’est
837 2872 975 2936 pourtant
998 2883 1051 2935 pas
1066 2883 1123 2920 une
1138 2867 1305 2920 traduction

291 2954 331 3005 du
348 2968 413 3021 grec
427 2951 497 3003 faite
513 2967 566 3017 par
580 2967 611 3002 ce
625 2951 751 3017 Joseph;
770 2951 838 3001 c’est
853 2950 879 3001 le
893 2950 962 3016 plan
981 2965 1018 3001 ou
1032 2965 1155 3001 canevas
1170 2964 1205 2999 en
1222 2965 1306 3014 prose

292 3035 359 3086 d'un
375 3035 476 3100 poeme
491 3047 527 3083 en
541 3032 586 3082 six
614 3032 717 3082 chants
732 3047 788 3098 que
805 3035 850 3082 cet
866 3031 990 3096 Anglois
1004 3045 1021 3081 a
1042 3030 1178 3096 compost
1192 3045 1265 3080 sous
1281 3030 1306 3080 le

290 3117 358 3166 titre
374 3115 418 3166 De
441 3114 522 3164 Bello
542 3113 678 3179 Trojano.
707 3134 721 3159 a
739 3110 881 3176 (Histoire
897 3113 1016 3176 abreye'e
1033 3111 1067 3162 de
1083 3112 1113 3162 lo
1127 3110 1307 3163 Litteromre

292 3198 426 3263 Grecqoa
443 3195 543 3254 Paris,
559 3195 632 3255 1813,
647 3198 717 3245 tom.
735 3193 755 3252 1,
767 3207 830 3259 pag.
841 3192 908 3256 292.)
923 3193 985 3242 Hoc
993 3204 1096 3258 parum
1104 3202 1211 3256 magno
1223 3191 1307 3257 signo

292 3293 355 3328 esse
364 3277 437 3327 mihi
444 3275 560 3327 videtur
570 3275 711 3340 facileque
726 3272 887 3323 ostendam.
897 3273 929 3321 ln
943 3272 1092 3324 Nationali
1107 3270 1185 3322 enim
1200 3270 1309 3324 Biblio-

292 3358 376 3409 theca
391 3341 517 3408 codicem
542 3355 698 3423 quemdam
724 3350 1169 3417 habemuslcod.79061ot.)in
1195 3344 1257 3419 quo
1273 3353 1308 3405 do

293 3438 420 3490 Excidio
436 3438 533 3503 Troy'oe
539 3436 655 3488 Daretis
661 3433 808 3493 Historia,
822 3435 854 3482 P.
865 3431 946 3482 Paris
956 3431 1063 3497 judice,
1078 3431 1188 3484 decimo
1196 3434 1305 3494 seculo,

294 3519 406 3570 calamo
422 3518 529 3585 scripta
544 3517 606 3568 fuit.
624 3518 691 3579 Quo
708 3513 795 3565 modo
810 3512 907 3573 etiam,
918 3528 1008 3576 quum
1018 3519 1079 3564 tam
1090 3514 1175 3579 longe
1187 3529 1205 3565 a
1220 3515 1308 3564 Dare-

221 3616 223 3621 ·
293 3601 332 3652 tis
345 3600 468 3652 historiis
487 3599 564 3650 absit
584 3595 704 3662 Josephi
721 3609 845 3655 carmen,
863 3593 955 3644 illium
975 3594 1082 3660 ipsum,
1102 3599 1135 3645 ut
1156 3595 1236 3660 operi
1251 3594 1308 3646 toti

294 3683 441 3750 quoddam
460 3679 661 3739 summarium,
687 3675 814 3743 poemati
843 3690 897 3727 suo
925 3676 1121 3742 praepoouisse
1145 3674 1308 3743 Josephum

294 3764 410 3815 credere
418 3759 593 3829 possemus?

332 3876 340 3908 ι
358 3862 386 3914 S.
399 3859 567 3913 Dresemlas
582 3857 621 3907 od
636 3855 789 3908 lectorem.
