2678 4718
594 388 736 441 ..46-

162 530 377 628 stupendis
398 552 650 628 numeroque
669 531 847 605 infinitis
867 531 1118 609 facinoribus
1133 541 1174 608 et

160 665 344 738 mirificis
359 644 522 740 casibus
543 666 823 749 narrationem
843 667 1085 744 obruerunt.
1103 671 1173 742 In·

160 808 221 872 ter
249 800 417 885 medios,
449 808 495 873 ut
515 802 572 872 ita
590 799 739 885 dicam,
761 801 872 887 deos,
905 812 945 876 et
964 804 1050 901 ipse
1076 811 1171 878 tan-

161 943 252 1007 tum
283 958 366 1008 non
393 934 508 1019 deuS,
548 933 814 1030 spectandam
845 937 975 1009 vitam
1009 938 1174 1011 vivebat

165 1071 401 1167 Imperator.
423 1067 694 1141 Daemonibus
711 1068 792 1141 illis
816 1072 888 1166 qui
902 1070 1012 1168 fadoe
1029 1072 1175 1146 larooe·

46 1253 50 1262 .
161 1213 320 1303 queant
337 1203 918 1301 lemuresautsup'oedicuntur
930 1208 1175 1304 circumsep-

160 1346 230 1412 tus
249 1339 353 1418 ibat*
370 1338 423 1410 ab
439 1339 528 1410 istis
547 1337 670 1409 modo
689 1338 870 1434 adjutus.
900 1341 1022 1412 modo
1048 1367 1174 1414 vexa-

160 1480 244 1557 tus,
266 1473 365 1546 dum
383 1472 487 1547 bella
502 1472 594 1568 plus
609 1495 735 1569 quam
748 1473 944 1560 humana,
967 1499 1094 1572 prope
1107 1478 1170 1549 di-

160 1609 272 1695 vina,
293 1606 441 1705 agebat
455 1606 591 1680 Caesar
608 1626 632 1677 ¹.

209 1744 354 1840 Neque
367 1743 457 1814 istae
467 1742 598 1838 poetis
612 1739 761 1814 fabulae
772 1743 1062 1820 satisfuerunt.
1080 1748 1173 1821 llla-

160 1900 255 1950 rum
271 1883 473 1948 crescente
488 1875 640 1956 studio,
656 1877 891 1949 Graecorum
908 1880 1174 1954 Latinorum-

160 2038 240 2110 que
278 2014 576 2109 imperatorum
620 2012 900 2084 meminerunt
944 2021 985 2085 et
1030 2017 1173 2089 eodem

161 2148 285 2220 modo
297 2171 381 2243 quo
400 2146 592 2218 Carolum
605 2145 669 2215 vel
683 2142 930 2232 Arthurum‚
948 2172 1016 2222 eos
1032 2153 1174 2248 saepis·

160 2283 262 2354 sime
280 2279 602 2353 celebraverunt.
617 2278 712 2351 Non
729 2279 863 2352 adhuc
882 2283 1063 2358 extincta
1085 2293 1174 2359 erat

104 2391 106 2394 V
151 2413 1173 2529 Achillis,UlyssisHectorisquefamanequeobli·

159 2551 272 2622 vioni
292 2549 400 2621 datae
415 2554 532 2619 erunt
547 2548 678 2645 patris
691 2549 834 2619 AEneae
848 2550 973 2621 variae
988 2554 1112 2624 variis
1128 2555 1172 2625 in

159 2684 259 2756 locis
276 2682 471 2761 fortunam
509 2681 666 2778 Virgilii
687 2704 782 2753 vero
799 2688 873 2754 aut
893 2682 1063 2757 Homeri
1084 2710 1170 2759 car-

160 2820 274 2891 mina
293 2840 378 2889 non
400 2817 559 2913 vulgari
588 2840 666 2888 usu
687 2815 940 2890 terebantur¹
959 2825 999 2891 et
1020 2822 1077 2892 nil
1106 2846 1174 2893 eo-

160 2977 267 3034 rum,
301 2962 448 3049 praeter
490 2973 638 3024 nomen
681 2948 799 3035 forte,
834 2951 944 3025 haud
980 2955 1172 3050 ignotum

192 3162 201 3196 ς
217 3140 260 3190 De
275 3139 378 3190 Carolo
393 3139 502 3203 Magno
517 3135 659 3202 poematis
684 3136 837 3202 cujusdam
850 3138 1008 3202 inscriptio.
1028 3144 1172 3204 quantum

156 3237 179 3272 a
195 3221 317 3271 veritate
339 3219 529 3270 abhorrerent
549 3216 713 3282 scriptores,
729 3217 768 3267 ad
779 3217 1003 3268 monstrandum
1018 3219 1090 3269 mihi
1114 3221 1173 3270 suf-

158 3302 244 3353 ficiet.
259 3300 334 3352 Nam
349 3299 428 3366 apud
443 3300 484 3350 De
499 3298 528 3349 la
544 3299 615 3355 Rue,
628 3311 752 3356 carmen,
769 3296 922 3347 undecimo
936 3298 983 3347 vel
998 3299 1171 3351 duodecimo

157 3372 273 3442 saeculo,
283 3381 321 3431 ab
328 3381 430 3446 ignoto
440 3379 568 3445 quodam
579 3382 730 3427 exaratum
738 3391 801 3426 esse
810 3376 952 3439 videmus,
962 3379 1012 3443 qui
1020 3380 1083 3430 haec
1092 3382 1171 3446 operi

156 3463 331 3530 praeposuit:
349 3482 363 3508 α
379 3462 411 3515 Ci
426 3473 592 3511 commence
606 3457 626 3507 li
639 3457 728 3506 livere
744 3460 862 3506 cument
877 3457 996 3508 Charles
1013 3460 1048 3510 de
1062 3462 1083 3510 F
1085 3476 1172 3511 rauce

155 3545 235 3595 voiet
252 3559 288 3595 en
302 3543 473 3602 Jerusalem,
489 3545 517 3590 et
532 3554 586 3606 pur
603 3537 717 3605 paroles
729 3553 763 3588 sa
776 3538 915 3608 femme-a
930 3538 1170 3608 Constantinople

157 3639 212 3690 pur
225 3639 276 3674 ver
291 3624 334 3673 roi
347 3624 462 3687 Hugon.
478 3641 492 3666 ι
507 3621 597 3670 Essai
610 3634 662 3669 sur
677 3617 1063 3684 zesBardes‚Jon91eurset
1078 3622 1169 3672 Trou·
1228 3671 1231 3675 .

157 3704 244 3756 uires.
261 3703 324 3754 Lib.
337 3705 376 3753 lll
400 3707 470 3752 tom.
487 3701 521 3761 ΙΙ,
536 3714 602 3765 pag.
616 3700 656 3748 24.

189 3817 201 3850 ²
219 3812 261 3862 De
283 3811 367 3861 Bruti
389 3809 491 3859 itinere
512 3821 562 3872 per
591 3805 714 3855 Galliam
737 3805 852 3857 Homeri
877 3808 1077 3858 testimonium
1097 3824 1172 3862 com-

156 3895 297 3944 memorat
316 3889 463 3941 Gallridus
478 3887 710 3938 Monumetensis
735 3886 764 3937 in
781 3888 913 3938 Historia
934 3889 987 3938 sua
1008 3889 1170 3950 Britouum‚

157 3974 208 4025 lib.
224 3976 243 4033 1,
261 3988 321 4037 cap.
339 3971 417 4019 XIV.
514 3961 518 3971 ’
