2678 4718
586 327 690 395 -2113
709 338 745 379 -·

157 477 322 542 intentet¹
339 480 460 545 danais
478 480 569 544 vitro
587 479 622 543 ni
637 479 757 544 lictore
776 483 818 560 (a)
834 479 960 545 cedant
1022 484 1024 489 “

159 593 188 655 Ο
206 599 353 679 superis¹
368 596 482 661 inuisa
496 616 631 670 manus,
646 599 695 660 sic
709 595 866 680 pignora¹
880 597 940 681 cel]

158 708 430 796 Consortesque⁴
444 713 539 788 dem,
556 716 591 775 in
607 716 724 777 sirtes³
733 716 833 797 cogis
847 733 892 776 an
904 732 1011 776 unam

158 827 338 892 Extimeas
353 850 437 914 gens
452 834 553 893 tanta
567 835 679 893 ratem
695 835 749 893 set
762 849 839 894 ceca
854 830 937 915 quid
951 813 1074 894 erres?

157 944 233 1008 ch
247 946 388 1030 hospcs⁰
403 966 473 1009 non
488 945 577 1010 ostis
593 945 704 1024 adest,
720 946 772 1030 cuj
789 952 949 1018 monstra
963 946 1097 1032 potentj

157 1060 337 1128 Debentur
350 1063 540 1146 frangenda
555 1081 671 1140 manu,
687 1067 843 1127 reuerc'te
860 1063 899 1146 (b)
914 1068 1097 1128 tonantem

162 1177 225 1242 Vel
242 1178 367 1243 saltem
382 1200 549 1265 cognosce
566 1181 767 1255 hominium,
785 1180 814 1245 si
839 1179 1022 1264 pendimus
1043 1174 1169 1265 equum

160 1297 197 1359 Si
212 1317 327 1360 rerum
340 1300 455 1376 iustis,
471 1297 615 1362 metitur
632 1300 671 1380 (c)
683 1299 843 1380 partibus
858 1318 961 1362 usum
1031 1348 1033 1353 .

159 1415 271 1478 Omne
286 1415 417 1478 homini
432 1420 627 1479 commune⁸
639 1414 753 1479 solum
767 1419 820 1478 set
838 1389 914 1478 iura
935 1435 1094 1498 perosus,

157 1531 300 1595 Publica
315 1508 490 1615 sacrilegis
503 1535 679 1595 naturam¹
693 1532 889 1596 barbarus¹⁰
903 1532 999 1597 ausis

158 1648 354 1721 Contrait¹¹‚
371 1653 406 1712 et
419 1647 578 1731 proprios
592 1648 728 1732 frigiam
741 1648 909 1713 fariseat¹¹
924 1648 960 1714 in
976 1668 1061 1712 usus

159 1767 189 1829 Ο
204 1768 313 1829 Asie¹³
329 1764 494 1849 pollentis
507 1785 602 1848 opeS,
618 1786 640 1829 o
650 1784 814 1849 pergama
828 1765 914 1829 nulli

157 1881 358 1964 Tranquillo
374 1901 514 1946 cessura
526 1881 601 1956 dee,
616 1881 664 1945 nil
679 1881 792 1945 dura¹¹
807 1886 992 1946 sororum¹¹

158 1997 287 2078 eiciar,
302 1998 350 2062 nil
365 1999 481 2080 superi
496 2002 679 2081 peccant¹¹,
695 1995 781 2080 gens
795 1997 906 2062 incola
920 1997 1058 2062 iatum¹¹

198 2212 207 2245 ¹
220 2207 366 2281 limetur,
380 2207 537 2269 intentare
552 2214 598 2268 est
608 2224 738 2288 presens
752 2205 873 2270 malum
895 2205 1022 2289 minarj‚
1043 2213 1169 2288 porten-

156 2316 223 2369 tare
237 2305 391 2367 futurum.
405 2310 466 2351 —¹
483 2305 625 2367 lnuectio
640 2304 777 2369 auctoris
792 2305 824 2365 in
842 2305 1006 2367 barbaros.
1024 2341 1065 2350 -
1078 2305 1171 2367 ³Pr0·

157 2413 228 2488 pter
248 2403 414 2466 herculem
437 2410 468 2465 et
489 2403 680 2487 theseumet
698 2403 789 2464 alios
812 2403 967 2476 —¹Quia
990 2402 1169 2464 adhucho-
1194 2412 1197 2417 ’

158 2503 259 2565 mines
270 2510 318 2564 set
326 2500 509 2564 deificandi.
529 2536 569 2545 -
579 2499 672 2562 ¹Plus
686 2508 734 2562 est
746 2519 842 2583 quam
857 2501 883 2562 si
899 2501 1017 2563 diceret
1028 2501 1059 2560 in
1068 2517 1167 2562 mare.
1182 2548 1184 2552 Α

158 2604 229 2648 -θ
256 2601 382 2664 Scilicet
405 2599 562 2662 hercules.
585 2603 650 2644 -¹
667 2599 764 2673 Quasi
792 2600 911 2661 diceret
935 2597 1169 2660 humanitatem

159 2700 262 2763 exibe.
277 2736 318 2747 -
335 2700 455 2764 ⁸Juxta
475 2699 567 2773 illud,
592 2699 697 2761 celum
724 2699 783 2760 eeli
807 2698 938 2761 domine
956 2706 1040 2760 terra
1062 2705 1169 2760 autem

159 2800 247 2862 dedit
275 2800 352 2862 tiliis
384 2800 563 2862 hominum.
594 2834 634 2844 -
658 2801 670 2835 ¹
690 2797 779 2860 Dona
805 2805 935 2871 nature,
968 2816 1027 2858 nec
1051 2804 1170 2859 terram

161 2906 274 2960 natura
290 2899 465 2980 propriam,
483 2918 542 2960 nee
564 2917 638 2960 aera
658 2896 742 2958 feeit.
754 2931 794 2941 —
817 2900 839 2932 ¹⁰
853 2895 877 2957 l.
901 2914 929 2956 e.
951 2893 1120 2957 laomedon
1139 2904 1170 2957 et

161 2998 220 3060 sui.
236 3032 277 3042 -
289 3002 311 3033 ¹¹
322 2997 419 3071 Quasi
431 2996 549 3058 diceret
564 3014 628 3058 non
641 2995 762 3078 patitur
775 2992 1016 3074 communicari.
1030 3028 1071 3038 -
1083 2998 1106 3031 ¹¹
1120 2994 1170 3056 Ab

133 3160 135 3164 .
161 3094 299 3159 aliorum
310 3095 421 3157 usibus
442 3094 617 3177 suspendit,
637 3092 772 3154 diuisius
797 3090 940 3163 assumit,
965 3092 1092 3172 phares,
1119 3091 1170 3153 di-

161 3194 242 3257 uisio
258 3194 496 3276 interpretatur,
513 3192 597 3254 unde
612 3190 753 3274 pharisei
766 3190 840 3270 quia
858 3189 899 3251 ah
914 3188 986 3250 aliis
1007 3189 1114 3252 diuisi.
1130 3225 1170 3235 -

163 3296 186 3330 ¹¹
201 3292 340 3355 Excusat
354 3308 486 3374 superos
510 3299 541 3352 et
557 3289 622 3352 iata
646 3290 685 3351 de
707 3305 931 3371 pergamorum
946 3288 1112 3350 euersione
1139 3297 1170 3350 et

162 3391 299 3472 imputat
322 3409 452 3452 causam
474 3388 588 3471 excidij
620 3387 696 3471 ipsis
714 3386 859 3459 troianis,
880 3404 943 3448 non
968 3386 1093 3469 superis
1117 3387 1169 3449 uel

161 3488 245 3551 fatis.
259 3524 299 3534 —
309 3491 333 3525 ¹¹
346 3488 427 3562 Quia
441 3506 505 3551 non
516 3486 653 3569 fragilia.
671 3523 711 3533 —
724 3489 748 3523 ¹¹
761 3485 942 3548 Parcarum.
954 3521 995 3532 -
1006 3485 1115 3548 ¹¹llila.
1131 3521 1170 3530 —

163 3591 185 3625 ¹¹
201 3587 372 3650 Peccarent
387 3585 498 3668 utique
517 3586 543 3648 si
558 3605 621 3649 non
640 3604 710 3648 eam
725 3592 915 3647 auerterent.
931 3621 972 3630 -
983 3584 1009 3621 ¹¹
1034 3585 1058 3646 l.
1079 3602 1107 3645 e.
1126 3582 1172 3646 fa·

161 3686 225 3749 tale
238 3686 408 3750 excidium.

192 3867 231 3932 (d)
252 3836 323 3933 Leg.¹
341 3865 476 3919 littore·
492 3865 529 3926 (a)
539 3864 679 3913 Reverere
694 3864 738 3926 (D.
748 3864 801 3924 D.).
833 3886 847 3897 ·
866 3862 903 3926 (b)
920 3858 1170 3921 MetimurtD.D.l.
