2678 4718
598 381 736 434 ..95-

199 519 296 597 Haec‚
314 540 544 585 «communes
564 518 628 584 loci
644 548 659 577 n
679 521 927 593 credebantur3
952 518 1013 582 sed
1037 537 1056 581 e
1080 517 1177 581 notis

158 635 271 720 colligi
297 641 415 720 potest
440 636 499 700 illa
529 637 571 699 de
610 637 867 720 archiepiscopo
901 638 971 698 isto
1012 634 1173 698 Iscanum

96 758 100 764 '
158 753 299 818 dixisse.
315 750 458 838 Legitur
470 756 561 816 enim
575 753 610 814 in
619 753 705 817 libro
714 753 914 818 notularum
925 774 931 815 :
944 780 958 808 α
969 751 1033 816 Hic
1041 749 1174 817 occulte

158 869 272 935 innuit
286 870 328 935 de
342 870 401 934 illo
415 869 569 953 predicto
582 873 640 953 qui
656 869 841 935 simoniace
857 869 1059 933 cathedram
1074 887 1175 943 occu·

158 986 286 1074 pando,
300 986 369 1051 fine
393 985 622 1072 ignominioso
643 985 798 1072 dejectus
812 984 927 1064 luerit,
947 988 1012 1049 etc‘.
1031 969 1172 1049 »Istius

159 1103 423 1188 archiepiscopi,
455 1104 593 1168 nomine
626 1103 781 1181 incarn,
821 1122 937 1167 mores
967 1101 1021 1164 his
1058 1100 1175 1163 verbis

94 1283 96 1288 .
157 1220 289 1304 effingit
303 1220 517 1287 Hulinshed:
539 1243 554 1282 u
575 1219 628 1283 He
641 1240 720 1282 was
734 1219 841 1284 noted
865 1224 902 1283 to
917 1220 959 1282 be
981 1238 1002 1282 a
1026 1237 1109 1281 man
1136 1216 1174 1281 of

159 1338 241 1404 euill
251 1337 321 1417 life,
336 1338 406 1402 and
418 1337 556 1402 wasted
571 1337 630 1401 the
645 1336 755 1420 goods
770 1335 808 1401 of
824 1335 1030 1400 thechurch
1051 1332 1175 1397 inordi-

158 1453 299 1520 natlie¹.
317 1482 332 1513 a

198 1568 344 1654 Josephi
354 1567 390 1632 in
400 1568 568 1632 Sanctum
578 1563 750 1633 Thomam
762 1569 1048 1633 Cantuariensem
1058 1585 1176 1631 amore

160 1691 380 1751 monstratur
401 1706 481 1750 eum
493 1704 565 1749 non
582 1685 686 1749 modo
711 1685 747 1748 in
765 1685 892 1770 Anglii
912 1684 973 1749 sed
1001 1684 1105 1749 etiarn
1131 1703 1193 1747 ex.

102 1828 106 1837 ·
159 1803 294 1887 anglica
330 1803 438 1887 stirpe
462 1808 586 1867 natum
612 1822 680 1867 :eo
706 1807 861 1886 tempore
887 1801 989 1876 enim,
1012 1801 1175 1876 Britones

159 1925 311 1996 tantum,
328 1919 496 1985 Sanctum
510 1919 695 1998 Thomam,
709 1939 753 1985 ex
767 1918 900 2003 anglica
919 1919 1026 2003 stirpe
1044 1923 1173 1993 ortum,

162 2038 437 2118 venerabantur3
458 2036 576 2122 itaque
601 2036 695 2102 omni
716 2037 817 2102 laude
840 2035 1016 2127 cumulare
1039 2034 1178 2100 Baldui·

160 2173 245 2218 num
275 2153 384 2218 credit
417 2153 606 2237 Josephus,
640 2173 749 2238 quum
767 2173 848 2218 eum
870 2151 1063 2217 secundum
1087 2151 1177 2216 Tho·

161 2289 255 2334 mam
272 2273 394 2333 vocat:
468 2244 475 2253 ’

285 2402 403 2455 Tertius
416 2417 433 2454 a
447 2403 572 2466 Thomu,
585 2403 773 2472 Thomasque
786 2403 943 2457 secundus.
1018 2472 1021 2479 Ι

200 2519 372 2584 Balduino
393 2522 498 2584 etiam
517 2520 582 2584 soli
596 2525 759 2603 poemata
782 2541 847 2585 sua
862 2521 1058 2604 Josephum
1081 2521 1178 2585 dedi-

162 2636 297 2702 cavisse
310 2635 525 2720 intelligitur,
548 2656 658 2721 quum
682 2637 791 2703 codex
815 2638 1077 2722 manuscriptus
1103 2658 1179 2703 car·

160 2751 264 2815 minis
279 2751 321 2815 de
333 2751 430 2816 Bello
448 2752 600 2839 Trojano
615 2773 749 2819 necnon
763 2754 896 2827 notulae
917 2755 1090 2840 leguntur.
1118 2756 1177 2820 Ad

160 2869 349 2933 Henricum
366 2870 400 2933 Il
424 2876 555 2945 contra,
573 2891 613 2935 ea
639 2877 802 2948 nostrum
830 2873 1068 2957 composuisse
1094 2892 1177 2938 con·

159 2985 310 3050 tendunt
318 2985 472 3070 quidam,
484 2989 574 3051 inter
585 3008 675 3073 quos
685 2988 910 3056 doctissimus
922 2993 976 3053 vir
985 2990 1080 3075 Joly,
1095 2993 1154 3074 qui
1168 3011 1175 3052 :

161 3129 177 3162 ι
194 3102 217 3166 J
219 3103 329 3186 oseph
342 3102 486 3167 Iscanus
499 3103 599 3168 'dedie
614 3107 647 3188 [a
661 3105 768 3168 Henri
785 3105 829 3188 ll]
846 3127 886 3171 sa
899 3106 1125 3172 Destruction
1135 3106 1176 3171 cle

163 3219 263 3284 Troie
276 3219 380 3284 ecrite
394 3240 438 3285 en
452 3239 534 3285 vers
556 3219 663 3285 latins
681 3240 780 3285 assez
797 3229 942 3306 purs¹,e
965 3222 1049 3287 dum
1067 3223 1179 3288 War-

158 3337 232 3410 ton‚
249 3333 310 3416 qui
322 3334 421 3418 prius
436 3335 593 3400 dixerat:
612 3364 627 3394 e
641 3337 716 3401 The
732 3341 819 3421 [epic
829 3342 942 3422 poem]
956 3335 1001 3404 on
1013 3340 1074 3405 the
1088 3339 1174 3404 Tro·

155 3449 218 3534 jan
245 3470 322 3514 war
346 3453 415 3517 is..
442 3451 621 3517 dedicated
643 3458 682 3518 to
709 3454 871 3519 Baldwin
900 3457 1109 3540 archbishop
1140 3457 1179 3521 of

191 3615 201 3650 ¹
218 3611 392 3675 Chronicleo,
407 3618 479 3668 tom.
490 3616 511 3676 1.
525 3616 595 3683 pagg
606 3617 654 3670 108
668 3617 784 3684 (158o7).
800 3619 876 3671 Vide
891 3624 992 3672 contra
1002 3621 1174 3673 Gervasium

158 3691 309 3752 (Historiae
321 3695 488 3760 Anplicanoe
496 3698 650 3764 scriptores
660 3699 699 3759 X,
710 3699 804 3750 Lond.
817 3699 888 3763 1652,
898 3704 968 3753 tom.
980 3702 1014 3763 ΙΙ,
1025 3700 1079 3754 col.
1091 3703 1176 3764 1674)..

189 3773 321 3826 menon
335 3775 369 3827 de
384 3776 588 3837 Salute-More,
604 3778 677 3830 Pars
689 3779 709 3837 Ι.
726 3794 791 3846 pag.
801 3779 842 3833 80.
