2678 4718
597 351 632 363 -·
652 323 702 375 109
722 351 763 376 -.

211 458 360 527 Lvserat
374 461 722 546 omnificequondam
738 461 895 527 sollercia
910 484 990 528 cure

169 574 314 642 Innotas
330 578 464 643 mollita
479 583 582 658 rates,
598 578 753 665 aurique¹
769 579 893 663 cupido

168 694 329 780 Audendi
346 701 566 783 transgressa
581 697 848 776 modum‚·trans
863 717 992 782 equora
1008 699 1105 763 misit

171 810 238 888 Qui
255 817 416 896 raperent
434 818 477 897 (a)
489 814 864 898 talamos¹‚spoliarent
877 814 1021 900 templa³
1035 813 1185 879 metallis

168 927 299 992 Siccine
314 929 471 996 mortalis
483 930 601 996 finem‘
614 934 759 996 metitur
773 932 902 996 hiatus·

169 1030 296 1130 Egesto
310 1050 358 1111 sic
372 1047 467 1113 ditis⁰
482 1050 602 1134 hopes,
619 1070 708 1134 quas
718 1049 862 1114 anbitus
875 1049 994 1113 audax
1010 1072 1013 1077 ’
1056 1097 1059 1102 .

169 1163 267 1240 Quas
280 1164 386 1248 predo
402 1164 546 1249 pallens⁷
559 1166 653 1251 tigiis
670 1166 710 1248 (bl
727 1170 913 1251 extorquet
925 1167 968 1229 ab
981 1164 1092 1228 antris

170 1279 378 1344 Sufficiunt?
397 1282 452 1346 cui
470 1282 539 1347 iarn
556 1286 643 1347 satis
658 1288 713 1348 est
733 1281 827 1369 quod
848 1302 954 1368 regna
966 1281 1061 1366 quod
1076 1283 1180 1346 urbes

102 1422 104 1426 ⁴
167 1396 317 1482 Ipsaque
330 1399 423 1483 quod
438 1401 770 1486 pateantrapiendis
783 1380 917 1465 tartara
938 1399 1033 1484 gazis

169 1514 245 1579 Itur
260 1515 295 1578 in
309 1514 447 1601 ignotos
459 1519 598 1594 lluctus,
616 1519 777 1604 ultroque
792 1517 950 1600 procellis

173 1629 340 1698 insultare
353 1638 462 1714 iuuat,
479 1640 512 1700 et
525 1635 590 1700 soli
601 1634 718 1701 vivere
734 1635 832 1708 fato⁸‚

169 1747 353 1814 Esonides⁹
364 1754 498 1834 primus
513 1751 626 1816 undas
640 1754 834 1834 assumpsit
848 1750 884 1814 in
896 1754 1009 1815 vsus¹⁰

166 1865 326 1931 Frixeam
343 1873 508 1951 rapturus
523 1873 663 1945 ouem¹¹‚
681 1868 733 1952 cuj
750 1866 1087 1952 laudisalumpnus¹¹
1152 1938 1157 1947 p

167 1983 306 2048 Alcides
322 1987 434 2048 socias
449 1985 483 2048 in
498 1984 611 2050 dulxit
626 1989 663 2066 lc)
680 1984 715 2048 in
733 1985 842 2048 ardua
862 1984 965 2060 uires,

106 2243 107 2246 Ἴ
208 2175 216 2208 ¹
236 2172 369 2254 Propter
393 2190 524 2236 aureum
542 2172 657 2234 uellus.
677 2205 713 2218 -
739 2172 900 2255 ²Pr0pter
922 2171 1067 2234 medeam
1082 2189 1180 2254 quam

166 2269 272 2352 rapuit
283 2270 385 2332 iason.
399 2275 460 2316 -³
476 2272 556 2346 Quia
570 2271 602 2332 in
616 2270 721 2333 colcos
735 2269 841 2332 insula
856 2270 888 2331 in
906 2269 1027 2351 templo
1039 2269 1180 2351 quodam

165 2375 233 2431 erat
244 2368 350 2431 uellus
364 2388 507 2432 aureum.
523 2373 587 2415 —⁴
602 2367 729 2431 Finem
746 2367 898 2439 habendi.
915 2403 956 2414 -
974 2371 986 2406 ⁸
1001 2366 1177 2450 Cupiditas.

166 2502 205 2514 -
219 2470 230 2505 ⁸
245 2467 400 2543 Plutonis,
413 2467 488 2550 quia
510 2487 550 2530 ex
563 2467 767 2530 interioribus
780 2474 863 2530 terre
876 2466 1072 2531 effodiunt-ur
1086 2484 1174 2548 opes,
1192 2480 1194 2485 ’

164 2566 256 2650 pluto
283 2565 328 2627 nil
344 2565 432 2627 aliud
446 2575 494 2629 est
522 2584 619 2648 quam
645 2573 740 2628 terra.
762 2571 824 2613 -⁷
840 2564 901 2641 Qui
925 2565 1012 2628 enim
1027 2564 1179 2627 interiora

163 2673 246 2727 terre
258 2664 403 2738 rimatur,
419 2672 550 2746 propter
567 2663 699 2726 nimiam
719 2664 801 2728 aeris
821 2663 949 2747 superni
969 2662 1178 2726 remotionem

162 2760 318 2845 pallescit.
330 2797 371 2806 -
382 2764 394 2798 ⁸
407 2760 465 2825 llle
480 2761 546 2824 fato
560 2761 643 2823 uiuit
655 2761 710 2845 qui
725 2762 823 2825 solius
846 2761 902 2825 lati
918 2760 1051 2824 arbitrio
1068 2759 1177 2822 uiuere

44 2864 47 2868 '
161 2859 213 2922 uel
228 2859 310 2923 mori
323 2859 433 2922 credit.
452 2896 493 2906 -
506 2862 518 2896 ⁹
531 2859 623 2923 lason
637 2858 723 2923 filius
748 2860 863 2924 esonis.
884 2897 925 2907 -
940 2859 961 2897 ¹⁰
982 2858 1174 2939 Nauigandi.

160 2992 201 3004 -
216 2962 238 2996 ¹¹
257 2958 365 3021 Uelius
382 2976 527 3032 aureum,
559 2965 635 3021 nota
651 2966 698 3020 est
722 2957 831 3022 fabula
850 2958 890 3022 de
913 2958 996 3021 irino
1022 2966 1054 3020 et
1076 2956 1173 3021 helle.

159 3091 199 3102 -
217 3055 408 3131 ¹¹Quialaus
424 3055 585 3118 nutriebat
600 3073 685 3131 eum,
705 3064 736 3118 et
757 3057 950 3120 accendebat
973 3058 1062 3120 iuxta
1081 3053 1175 3132 illud,

159 3154 290 3218 laudata
304 3154 405 3230 uirtus
413 3152 524 3216 crescit
537 3162 568 3216 et
581 3153 772 3216 immensum
783 3155 885 3234 gloria
895 3155 1000 3218 calcar
1009 3152 1174 3250 haband),

168 3336 394 3467 D(mncaperent
419 3334 472 3400 ,(1),
503 3334 556 3397 D.).
588 3361 616 3372 —
640 3335 678 3400 (b)
706 3335 815 3402 Stygiis
839 3336 881 3398 (D.
905 3335 957 3399 D.).
988 3336 1022 3401 (c)
1051 3335 1175 3387 lndulsit

156 3421 165 3480 l
193 3452 200 3468 ·
256 3423 283 3479 ·)·

186 3525 225 3592 (d)
247 3523 327 3576 ldem
342 3523 419 3591 apud
433 3522 679 3590 shakeapearium
697 3539 703 3574 :

387 3641 448 3693 One
468 3625 546 3707 good
569 3640 652 3703 dead,
670 3640 761 3708 dying
782 3643 961 3709 tongueless‚

277 3722 446 3787 Slaughters
463 3736 480 3772 a
494 3719 643 3772 thousand
658 3721 778 3788 waiting
792 3737 871 3789 upon
887 3723 958 3774 that.

272 3804 333 3856 Our
352 3802 462 3871 praises
484 3816 531 3853 are
548 3815 603 3853 our
619 3817 725 3870 weges.

637 3883 788 3948 (Winter's
808 3884 889 3950 Tale,
905 3885 971 3951 1·2.)
