2678 4718
589 352 750 402 -nt-

159 488 239 552 Stat
254 491 379 557 dubius
393 510 508 555 nouus
516 491 646 573 hospes
655 508 744 575 aque
754 495 796 572 (a)
808 485 1026 578 reditumque
1036 497 1172 581 fugam·

1118 620 1173 678 ue¹

157 724 338 788 Ludentis¹
357 725 468 808 pelagi
486 727 644 798 miratur,
661 730 697 789 et
711 744 841 808 equora
856 730 936 790 uisu
1081 615 1117 698 [q

160 841 306 904 Metitur
323 844 504 927 patrieque
518 841 627 925 pium³
641 842 988 908 consultat'amorem

158 957 293 1021 Virtuti
305 962 396 1020 nutu
407 957 499 1021 facili
514 964 704 1032 cessurus⁴‚
719 964 754 1022 et
772 960 877 1023 undis

161 1073 222 1138 Set
239 1073 331 1158 rapit
347 1093 433 1138 aura
444 1080 557 1139 ratem
570 1082 737 1159 quonam⁵
750 1097 819 1160 quo
847 1080 1015 1164 naufraga
1033 1082 1174 1145 tendis?

162 1190 240 1268 Quo
261 1191 409 1275 populos
432 1196 467 1255 in
494 1193 567 1257 fata
582 1192 721 1256 trahis?
748 1199 827 1258 tene
859 1194 985 1280 angoe⁶
1002 1198 1057 1261 uel
1069 1185 1177 1264 armis

163 1306 380 1372 Patrandum
394 1308 529 1372 fastidit
541 1310 667 1393 opus⁷i
682 1310 752 1373 seio
769 1311 943 1394 stedia⁸(b)
957 1313 1053 1378 tollis

164 1421 313 1488 Delicias
328 1424 554 1508 leti‘queris⁹t
571 1445 663 1489 nunc
680 1431 778 1489 utere
793 1445 879 1490 saxo

165 1540 296 1606 Terra¹⁰
308 1547 444 1624 potens
462 1549 568 1628 atque
585 1543 708 1608 iniecte
721 1543 944 1627 suplegadis¹¹
963 1549 999 1627 (c)
1015 1546 1086 1610 ictu

166 1658 271 1721 Nulla
285 1659 382 1741 prius
406 1663 614 1743 consumpta
629 1660 728 1738 refer,
745 1661 834 1724 ferat
848 1661 924 1744 ipsa
938 1661 980 1743 (d)
997 1659 1179 1727 cr'uenturn

165 1775 267 1869 Quod
285 1777 419 1859 peperit
431 1777 553 1853 fatum,
570 1779 750 1860 primaque
767 1780 943 1860 superbiat
956 1779 1007 1843 ira

166 1891 280 1955 Fata¹²
297 1894 454 1968 obstant,
469 1893 650 1957 hominum
665 1895 843 1976 predati-ix
857 1901 1001 1979 atropos
1018 1903 1111 1962 arcet

164 2009 249 2072 Plus
266 2014 380 2093 superi
406 2018 512 2094 quam
525 2015 635 2075 uota¹³
650 2017 687 2091 (e)
699 2011 842 2095 queunt,
859 2014 986 2076 trabs¹⁴
1010 2015 1140 2078 tessala
1155 2020 1180 2054 ¹³

1034 2122 1182 2216 [diuistfi

208 2287 263 2349 ¹1.
285 2307 313 2348 e.
337 2288 494 2349 effluxum
521 2297 552 2350 et
570 2288 741 2350 refluxum.
761 2291 825 2334 —²
849 2289 984 2373 Propter
1007 2292 1067 2354 has
1088 2289 1182 2356 uicis-

166 2386 331 2448 situdines.
346 2390 411 2432 —³
429 2385 545 2450 Omnes
562 2387 649 2449 enirn
670 2387 862 2450 naturaliter
874 2397 983 2449 amant
1001 2389 1081 2452 fines
1094 2410 1179 2466 suos,

166 2483 286 2546 scilieet
300 2485 432 2567 patrios
452 2492 484 2546 et
500 2484 601 2547 inuito
616 2486 778 2548 recedunt.
807 2490 875 2531 -⁴
896 2486 987 2560 Quod
1015 2486 1110 2550 facile
1135 2508 1183 2552 re-

166 2581 300 2643 licturus
314 2583 513 2664 propositum
530 2583 665 2664 insigne,
690 2592 721 2646 et
739 2585 853 2647 undas.
870 2587 939 2629 -⁵
960 2584 1128 2648 lnuheitur
1148 2588 1180 2649 in

168 2698 283 2741 nauem
298 2679 387 2742 illam
403 2681 479 2762 quia
502 2682 663 2763 perillam
678 2683 809 2744 accessit
828 2700 914 2744 mors
932 2701 995 2743 una
1011 2691 1122 2745 ratam.
1141 2721 1182 2730 -

168 2777 336 2840 ⁸Ueneno.
356 2785 417 2824 —⁷
435 2789 527 2862 opus
545 2779 668 2853 mortis,
693 2780 784 2860 quasi
797 2781 916 2843 diceret
937 2780 1100 2844 sufiiciunt
1127 2784 1182 2864 qui

168 2893 293 2939 ueneno
304 2876 357 2938 uel
372 2876 456 2939 ferro
471 2878 652 2939 moriuntur
665 2879 823 2940 homines.
836 2882 896 2924 -⁸
908 2879 1015 2942 Tedia
1025 2881 1181 2943 moriendi

169 2973 286 3036 usitato
318 2992 434 3053 genere
452 2975 574 3035 mortis.
592 2977 658 3020 —⁰
684 2975 725 3038 Ut
742 2976 863 3038 scilicet
876 2978 1033 3039 moriendi
1055 2978 1182 3041 nouitas

169 3073 299 3133 accedat
317 3071 448 3150 giation
471 3078 503 3132 et
520 3071 783 3152 quandoquidem
796 3073 861 3134 iam
874 3083 931 3135 est.
948 3111 989 3120 -
1004 3079 1028 3112 ¹⁰
1038 3076 1088 3138 Ad
1105 3094 1182 3140 oon-

169 3168 371 3249 fringendain
394 3187 510 3231 nauem
522 3169 616 3230 istam
630 3178 665 3231 ut
681 3170 749 3250 ipsa
761 3171 906 3251 patriain
924 3173 1028 3234 uentis
1051 3190 1115 3237 non
1131 3195 1184 3256 pe·

171 3275 249 3330 reat.
262 3303 303 3313 -
321 3273 343 3304 ¹¹
358 3260 536 3352 Siniplegas
549 3287 623 3351 pars
635 3267 691 3330 illa
706 3275 789 3330 terre
801 3267 862 3329 fnit
874 3288 936 3350 que
948 3271 1045 3333 missa
1064 3282 1132 3335 erat
1144 3274 1185 3334 ad

171 3367 425 3449 persequendam
446 3386 564 3429 nauem
576 3367 705 3440 iasonis‚
726 3368 752 3430 si
767 3367 847 3429 tides
865 3369 971 3430 danda
991 3368 1120 3432 fabulis,
1145 3407 1185 3417 -

173 3468 196 3500 ¹²
214 3464 281 3526 lam
304 3466 434 3548 quidem
452 3475 529 3548 opto
544 3475 577 3529 at
599 3465 663 3531 sata
678 3467 763 3528 notis
775 3466 854 3527 meis
866 3468 1025 3529 contraria
1040 3477 1125 3531 sunt.
1146 3505 1186 3515 —

173 3565 197 3599 ¹³
213 3563 303 3626 Uota
321 3582 404 3626 mea.
424 3599 465 3610 -
480 3567 504 3601 ¹⁴
522 3564 631 3638 Nauis,
655 3573 741 3626 arcet
759 3564 909 3647 prohibet
925 3584 965 3627 ne
982 3566 1027 3628 sic
1048 3567 1114 3629 fiat.
1147 3603 1187 3613 -

174 3663 198 3697 ¹⁵
210 3661 291 3735 Quia
306 3663 339 3723 in
358 3662 510 3725 thessalia
528 3662 682 3725 fabricata
693 3661 763 3725 suit.

201 3814 238 3877 (a)
252 3817 338 3880 Aqua
350 3816 394 3879 (D.
412 3815 466 3877 Π).
479 3842 507 3852 -
522 3814 560 3878 (b)
583 3815 649 3877 Leg.
672 3813 767 3864 taedia.
788 3816 850 3879 -›(‹·)
868 3815 1070 3880 Symplegadis
1086 3817 1188 3879 (D.D.).

173 3921 201 3931 -
217 3895 254 3955 (d)
271 3896 334 3960 Ipse
349 3894 392 3956 (D.
411 3896 463 3946 D).
481 3921 510 3932 -·
526 3898 559 3957 (e)
577 3895 695 3954 FatatD.
714 3896 767 3957 D.).
787 3922 813 3932 -
825 3896 859 3959 (f)
878 3895 964 3944 Divos
980 3897 1022 3956 (D.
1039 3897 1091 3954 D).
