2678 4718
598 340 738 392 ..45-

157 481 381 577 quaedam,
409 483 527 558 breve
565 478 853 554 Antiochcidos
882 475 1175 571 fragmentum,

159 638 188 687 e
227 615 396 714 Josephi
431 617 623 714 operibus
655 621 822 688 tantum
855 613 1033 686 exstant.
1072 603 1179 678 Eum

164 752 393 848 scripsisse,
408 779 433 826 a
451 754 576 826 Baleo
596 752 825 849 accepimus
848 773 856 820 ι

222 911 240 955 ‹<
269 885 328 960 De
341 888 455 961 Bello
470 889 662 986 Trojano,
886 880 1067 957 LibVl.

219 1019 384 1094 Bellum
394 1022 717 1105 Antiochenum,
894 1015 984 1090 Lib.
1001 1017 1032 1086 Ι.

172 1235 175 1238 ,
220 1155 279 1228 De
299 1157 563 1229 Institutione
580 1157 689 1252 Cyri,
774 1256 779 1264 ¹
889 1150 980 1223 Lib.
1000 1151 1031 1221 l.

222 1289 522 1387 Panegyricum
543 1291 595 1363 ad
614 1290 853 1373 Henricum,
894 1284 984 1357 Lib.
1002 1287 1033 1357 Ι.

219 1425 362 1521 Nugas
377 1427 612 1509 amatorias,
893 1419 984 1492 Lib.
1003 1419 1033 1490 Ι.

196 1560 543 1656 nprgrammata,
686 1531 689 1538 ’
892 1552 982 1627 arb.
1002 1554 1033 1625 1.

221 1692 380 1766 Diversi
394 1695 553 1790 generis
571 1693 768 1766 carmina.
792 1719 810 1762 n

223 1853 241 1895 a
269 1827 395 1899 Plura
408 1828 533 1901 etiam
566 1833 713 1923 praeter
747 1828 833 1900 haec
867 1823 1090 1921 scripsisse,
1127 1821 1185 1892 ait

176 1963 347 2047 Balaeus,
369 1984 464 2034 eum
484 1961 659 2034 dubium
680 1985 763 2034 non
784 1967 867 2034 esi:
890 1982 982 2056 quae
995 1955 1182 2029 fortassis

170 2097 368 2194 temporis
388 2095 540 2168 iniuria
568 2096 738 2168 omnino
773 2094 964 2168 extinxit.
1000 2089 1184 2164 Claruit¹

170 2292 247 2344 bello
260 2291 445 2343 ‘Antiocheno
461 2291 586 2356 amplius
601 2290 675 2342 nihil
691 2290 770 2351 novi,
786 2290 842 2341 nisi
858 2289 937 2356 quod
952 2303 986 2339 er
1011 2301 1045 2338 eo
1070 2286 1185 2337 eluceat

169 2373 330 2439 losephum
347 2372 436 2423 tuisse
448 2376 550 2423 natum
565 2373 636 2424 Iscae
651 2371 883 2422 Domnoniorum
897 2390 903 2432 3
916 2383 1005 2437 quam
1013 2366 1115 2419 urbem
1126 2371 1185 2418 tam

170 2453 322 2521 exquisite,
341 2458 401 2505 tam
423 2453 547 2514 dextere,
569 2456 630 2503 tam
646 2451 769 2518 denique
788 2450 940 2515 magnifice
955 2449 1001 2499 vel
1018 2448 1056 2498 ad
1077 2447 1187 2498 aethera

169 2535 256 2594 tollit,
275 2538 308 2585 ut
330 2533 414 2585 facile
436 2533 536 2584 credas
556 2534 658 2583 Musas
680 2533 768 2598 ipsas,
791 2545 856 2582 cum
878 2529 1032 2596 profluenti
1049 2527 1187 2580 Helicone

169 2620 243 2674 toto,
254 2613 314 2665 vati
325 2629 358 2665 ea
369 2613 533 2664 concinenti
543 2612 786 2679 praesentissimas
795 2609 931 2663 adfuisse.
944 2629 959 2657 a
969 2607 1188 2671 (Commentarit

171 2696 206 2748 de
220 2694 413 2761 Scriptoribus
425 2694 617 2754 Britannicis,
633 2709 695 2759 cap.
712 2692 861 2754 CCXVII.)

205 2800 215 2832 ¹
230 2793 391 2858 Josephum
408 2791 498 2842 luisse
515 2791 757 2857 Burdigalensem
769 2789 1017 2857 archiepiscopum
1033 2789 1115 2841 affert
1127 2789 1188 2840 Pit·

171 2888 241 2926 seus
255 2887 261 2924 :
276 2893 290 2918 α
306 2871 510 2923 crescentibus
526 2887 639 2938 semper
653 2872 770 2938 pietatis
785 2875 813 2922 et
828 2870 1094 2931 doctrinaemeritis,
1109 2871 1187 2937 prin-

171 2954 269 3022 cipum
293 2957 323 3004 et
350 2957 520 3018 magnatum
538 2953 705 3010 conciliauit
728 2953 842 3004 animos
845 2991 892 3004 .....
923 2953 1005 3003 Illius
1022 2950 1187 3014 [Baldwini]

171 3033 322 3093 beneficio,
338 3031 431 3097 gratia
450 3036 478 3082 et
495 3032 595 3084 fauore
610 3034 705 3084 factus
734 3032 969 3098 archiepiscopus
995 3031 1187 3098 Burdigalen-

170 3115 262 3168 sis.....
281 3134 295 3160 n
318 3113 511 3176 (Relationem
526 3114 742 3165 Historicarom
770 3114 904 3166 derebus
930 3113 1061 3178 Applicis
1079 3113 1188 3163 Tamus

170 3197 282 3262 primus
284 3233 330 3245 .....
346 3195 484 3254 Parisiis,
500 3194 571 3255 1619,
586 3196 620 3255 4·,
638 3209 701 3261 pag.
713 3195 778 3260 275).
793 3196 913 3246 Frustra
929 3198 1026 3245 autem
1042 3194 1187 3260 Burdiga-

172 3276 297 3327 lensium
307 3275 590 3341 archiepiscoporum
598 3276 912 3342 nominaperlegimus;
924 3275 1038 3327 nullum
1047 3275 1187 3343 profecto,

171 3371 206 3407 eo
221 3361 361 3424 tempore,
374 3356 535 3421 losephum
550 3356 714 3407 invenimus
727 3357 837 3419 (Gallia
852 3356 1050 3408 Christiana...
1067 3371 1185 3423 opera...

172 3436 305 3503 Dionysii
319 3437 554 3498 Sammarithani,
568 3438 707 3500 Parisiis,
726 3439 799 3498 1715,
817 3437 865 3488 fol.
886 3441 955 3489 tom.
975 3437 1009 3498 11,
1029 3436 1081 3488 col.
1101 3437 1149 3488 808
1160 3442 1188 3488 et

172 3519 244 3583 seq.)
256 3536 270 3563 α
285 3518 322 3568 Et
331 3532 409 3579 sane,
426 3537 439 3563 >2
450 3522 484 3569 ut
497 3518 597 3568 Vossii
612 3518 700 3569 verba
716 3533 862 3586 usurpem,
874 3538 888 3564 α
903 3533 992 3585 quam
1008 3533 1112 3585 parum
1127 3533 1187 3569 cre·

173 3598 261 3650 dibile
275 3604 329 3661 est,
344 3603 460 3651 tantum
477 3599 571 3665 gratia
586 3600 665 3665 apud
688 3600 787 3650 Gallos
802 3600 931 3650 valuisse
947 3600 1187 3652 cantuariensem

172 3680 335 3746 praesulem,
347 3684 387 3741 ut,
406 3680 468 3746 ejus
481 3680 638 3746 postulato,
650 3679 798 3730 hominem
810 3682 928 3746 anglum
939 3682 1065 3733 facerent
1075 3681 1187 3732 archie-

173 3760 327 3826 piscopum
340 3759 600 3825 Burdigalensem‘?
615 3779 629 3806 a
647 3759 776 3822 (Gerardi
791 3761 913 3811 Joannis
923 3762 1023 3813 Vossii
1039 3763 1073 3814 de
1086 3763 1187 3814 Histo-

175 3840 243 3891 ricis
254 3841 376 3904 Latinis,
394 3840 459 3892 libri
473 3841 520 3901 ΙΙΙ,
532 3840 623 3904 Lupd.
652 3841 753 3893 Batou.
768 3842 838 3900 1651,
853 3843 891 3905 4⁰,
908 3843 956 3893 lib.
976 3844 1008 3903 ll,
1027 3859 1086 3910 cap.
1101 3845 1185 3906 LVD.
