2678 4718
608 417 749 472 ..91-

112 520 114 533 1
171 573 246 619 sese
260 555 389 619 obtulit
398 561 447 636 ¹,n
463 556 498 620 in
505 556 539 620 N
541 555 684 620 ationali
694 556 910 622 Bibliotheca
920 559 1054 622 codices
1068 559 1182 623 evolvi

169 658 239 754 qui',
271 676 311 736 ut
336 691 354 736 e
380 672 528 756 catalogi
558 671 674 736 verbis
701 673 829 756 percipi
856 678 1007 757 poterat,
1038 673 1181 739 Daretis

167 805 273 868 opera
305 786 540 854 continebant.
567 789 649 852 Non
686 789 888 872 ignorabam
917 791 1008 853 enim
1037 791 1179 875 iosephi

165 923 292 988 poema
315 897 408 989 saepe
433 927 455 970 a
483 905 606 971 scribis
629 905 772 970 titulum
788 909 961 990 accepisse
981 928 988 968 :
1007 934 1021 963 «
1037 907 1181 973 Daretis
1217 929 1220 934 ·

164 1019 313 1106 phryyii
337 1021 378 1086 de
396 1021 480 1087 bello
499 1021 651 1106 Trojano
668 1021 813 1086 libri¹.n
833 1022 879 1086 Et
897 1042 991 1096 vero,
1015 1022 1051 1085 in
1065 1022 1180 1087 codice

165 1136 378 1218 15015(ῑαί.),
403 1139 542 1222 iosephi
569 1158 658 1223 opus
684 1142 819 1212 inveni,
845 1145 1179 1203 ‹mancusuautem

163 1258 220 1319 est
247 1253 395 1329 libellus,
424 1259 514 1319 sicut
537 1260 573 1320 et
597 1255 654 1319 ille
678 1275 782 1339 quem
806 1255 942 1321 viderat
968 1255 1175 1320 Lelandus:

163 1390 247 1433 nam
271 1371 434 1436 deficiunt
448 1371 611 1435 carminis
629 1377 751 1437 sextus
774 1372 860 1436 liber
884 1371 1068 1457 majorque
1096 1394 1179 1457 pars

163 1487 278 1571 quinti
312 1488 401 1554 libri.
436 1489 555 1553 Tertio
594 1489 726 1553 decimo
756 1489 884 1553 saeculo
922 1496 1089 1555 exaratus
1114 1492 1180 1557 fuit

161 1604 271 1668 codex
293 1604 360 1684 ille,
376 1605 472 1699 hand
487 1605 560 1670 sine
590 1606 727 1685 erratis
742 1606 865 1688 fateor,
890 1606 1111 1691 mendisque3
1141 1615 1180 1672 at

159 1720 306 1804 Josephi
331 1721 500 1805 scriptum
515 1721 742 1806 ipsissimum,
758 1727 799 1785 ut
811 1725 861 1786 ita
877 1721 999 1798 dicam,
1016 1715 1177 1798 habetur,

160 1857 271 1921 quum
296 1841 557 1921 manuscriptus
570 1839 679 1902 codex
700 1857 779 1903 cum
806 1842 987 1923 impressis
1002 1839 1179 1924 exempla-

160 1952 259 2018 ribus
284 1954 471 2019 confertur.
502 1954 625 2039 Itaque
651 1954 779 2018 credidi
801 1956 897 2020 haud
926 1959 1000 2020 sine
1028 1956 1180 2047 utilitate

159 2070 233 2135 iore
246 2075 384 2155 partem
399 2071 521 2135 saltem
537 2070 689 2155 aliquam
700 2070 808 2155 hujus
822 2071 949 2135 codicis
963 2075 1059 2155 typis
1074 2091 1177 2136 man-

160 2185 256 2260 dare,
288 2184 484 2272 librumque
516 2192 669 2271 primurn
699 2188 884 2273 poematis,
917 2188 963 2251 ad
990 2189 1080 2252 hanc
1105 2207 1180 2252 rem

158 2301 377 2386 transcripsi,
391 2307 427 2368 et
439 2302 579 2388 subjeci.
596 2303 732 2368 Versus
742 2304 911 2388 plurimos
925 2307 961 2367 in
972 2323 1011 2367 eo
1025 2304 1179 2369 invenire

158 2423 214 2483 est
228 2419 289 2503 qui
303 2439 324 2483 a
338 2419 513 2503 prioribus
535 2420 728 2484 editoribus
747 2423 869 2483 omissi
896 2419 1046 2503 inerant.
1070 2420 1178 2482 Primi

158 2535 253 2599 enim
267 2554 390 2600 eorum
404 2539 465 2619 qui
480 2536 522 2600 de
537 2536 634 2600 Bello
652 2535 804 2618 Trojano
829 2534 936 2599 libros
961 2543 1176 2618 repererunt,
1198 2564 1201 2569 ·

159 2651 322 2717 dictionis
338 2651 580 2717 salubritatem
594 2658 629 2716 et
645 2653 853 2735 elegantiam
869 2655 1062 2734 stupentes
1081 2677 1097 2711 e
1114 2652 1177 2715 Jo-

158 2747 308 2851 sephum
323 2768 497 2846 Iscanum,
518 2774 559 2832 ut
580 2769 630 2833 ait
651 2769 866 2842 DresemiuS,
884 2768 1083 2834 Cornelium
1104 2770 1175 2833 Ne-

157 2891 279 2971 potem
293 2885 458 2951 fecerunt.
481 2883 696 2969 »Inprimis
718 2888 839 2949 revera
854 2885 1074 2960 editionibus,
1094 2906 1177 2950 auc·
1286 2926 1288 2929 -

156 3007 216 3066 tor
230 3005 396 3066 carminis
418 3001 605 3066 adhibetur
626 2998 807 3064 Cornelius
832 3001 965 3085 Nepos,
980 3005 1041 3085 qui
1069 3005 1175 3066 etiam

157 3119 327 3184 Daretem
356 3119 544 3204 Phrygium
567 3117 674 3182 latine
700 3116 891 3181 reddidisse
911 3123 988 3182 tum
1012 3118 1175 3182 credeba-

158 3243 236 3313 tur;
265 3242 301 3302 et
330 3237 375 3302 ad
391 3237 578 3301 feliciorem
604 3235 737 3300 fraudis
763 3234 909 3310 exitum,
938 3234 996 3299 illa
1024 3235 1175 3334 editores

196 3431 205 3466 ¹
228 3426 437 3479 Commentarii
462 3426 497 3480 de
527 3425 721 3492 Scriptoribus
749 3424 940 3486 Britannicis,
964 3424 1078 3486 Oxonii,
1105 3426 1176 3485 1709,

159 3521 225 3574 cap.
241 3507 458 3574 ccxvl1,pag.
476 3509 530 3560 236.

192 3588 321 3639 ²uThe
346 3589 525 3655 manuscript
547 3593 577 3640 at
608 3587 765 3655 Magdalen
793 3587 916 3650 college,
948 3587 1114 3640 mentioned
1137 3588 1175 3654 by

158 3669 280 3732 Leland,
295 3670 321 3720 is
336 3669 455 3722 entitled
470 3670 560 3721 Dares
581 3671 729 3738 Phrygius
744 3670 779 3721 de
802 3669 878 3720 bello
900 3669 1036 3736 Trojano.
1055 3673 1098 3721 As
1113 3670 1175 3721 also

159 3753 234 3804 Mes.
260 3752 356 3818 Digby
377 3753 418 3816 (in
441 3751 516 3804 Bibl.
539 3753 644 3814 Bodl.).
671 3773 685 3799 n
705 3753 842 3812 Warton,
858 3756 891 3803 ut
911 3766 1010 3817 supra,
1033 3765 1098 3817 pag.
1119 3752 1173 3810 227,

162 3835 234 3883 nota
249 3833 272 3884 2.
