2678 4718
601 336 734 387 ..39-

155 477 383 558 distrahor,
398 477 616 550 verborum
635 477 846 550 lasciviam
863 476 1073 551 studiosus
1088 502 1174 551 am·
1273 530 1276 535 -

159 610 332 708 plector,
365 633 487 708 opera
525 635 617 708 quae
650 611 736 683 Deo
765 610 982 708 displicent
1014 635 1172 709 operor,

162 766 405 841 semperque
432 746 475 817 in
509 744 711 817 deteriora
736 769 920 842 vergenS,
940 754 986 821 ut
1004 748 1174 844 jamme

166 880 351 977 undique
384 879 522 976 pulset
555 901 668 950 mors
695 880 737 951 in
758 877 895 964 domo,
929 903 1039 954 mors
1060 889 1172 956 extra

165 1013 352 1097 domum,
373 1035 486 1085 mors
507 1015 549 1085 in
570 1013 797 1111 sepulchro.
814 1015 888 1087 Vae
903 1015 1026 1089 mihil
1050 1017 1179 1106 Quid·

167 1169 266 1219 nam
300 1145 470 1219 faciam?
500 1146 602 1237 Quae
632 1148 893 1221 munimenta
911 1147 1178 1245 conquiram?

170 1280 334 1372 Quibus
348 1287 443 1353 utar
456 1280 664 1353 consiliis?
692 1289 739 1353 ut
771 1283 874 1354 mihi
907 1306 931 1353 a
960 1282 1180 1354 sanctitate

167 1420 303 1489 vestra
324 1416 531 1512 singulare
544 1415 784 1511 praesidium
802 1418 1019 1512 postulans
1041 1423 1086 1489 ut
1101 1439 1176 1512 pro

170 1572 234 1623 me
262 1551 395 1623 Deum
429 1550 649 1647 implorare
679 1551 827 1632 velitis,
862 1553 933 1647 qui
959 1552 1179 1646 impetrare

109 1665 112 1668 ’
171 1686 330 1757 valetis.
349 1685 441 1758 Scio
461 1686 573 1757 enim
586 1686 683 1781 quia
709 1684 819 1756 valet
837 1686 1021 1757 multum
1039 1684 1182 1794 depre-

171 1823 276 1893 catio
291 1822 396 1925 justi
417 1818 618 1893 assidua¹.
641 1847 659 1893 n

218 1957 333 2028 Bella
350 1957 560 2028 interdum
578 1956 620 2027 in
643 1981 661 2024 u
676 1954 866 2054 infideles
887 1983 906 2026 u
926 1955 1181 2052 parabantur

166 2088 419 2189 jubenteque
452 2092 631 2164 Henrico
654 2093 706 2173 ΙΙ,
738 2090 904 2163 Giraldo
935 2090 1182 2164 Cambrense

171 2223 1182 2321 comite,CambriampetiitBalduinusetmaxima

168 2360 667 2458 cameloquentid,orator
674 2382 878 2444 summus,
891 2357 1179 2431 deJerusalem

170 2494 213 2565 in
226 2494 496 2567 christianam
510 2492 713 2566 ditionem
724 2491 944 2589 redigenda
961 2492 1078 2564 dixit⁴
1094 2492 1183 2564 Un-

171 2628 294 2726 dique
314 2630 440 2726 igitur
458 2628 511 2701 ad
523 2651 620 2702 eum
638 2626 893 2701 audiendum
907 2632 947 2699 et
966 2625 1124 2699 nobiles
1143 2632 1185 2698 et

169 2762 313 2836 villani
328 2763 640 2846 conveniebant,
656 2786 743 2847 nec,
768 2762 868 2835 dum
896 2761 1142 2858 loqueretur,
1160 2784 1183 2831 a

207 3045 215 3077 ¹
231 3038 429 3107 Epistularum
445 3039 607 3105 inscriptio,
621 3037 770 3090 Abaelardi
785 3037 1037 3104 inscriptionibus,
1052 3035 1184 3103 quaesitis

171 3121 378 3186 arcessitisque
391 3120 498 3180 verbis,
515 3119 596 3170 haud
611 3118 771 3180 dissimilis,
794 3118 923 3170 notanda
949 3132 1065 3184 quoque
1086 3117 1184 3167 nobis:

175 3223 188 3248 α
205 3201 380 3253 Reverendo
396 3201 514 3251 domino
529 3216 584 3252 suo
598 3204 627 3250 et
642 3201 735 3250 amico
747 3200 804 3250 sibi
819 3200 848 3250 in
864 3199 988 3257 Christo,
1005 3197 1189 3263 singulariter
1262 3228 1265 3232 »

172 3283 278 3334 dilecto
301 3282 444 3335 Guiberto
472 3281 526 3333 Dei
551 3281 736 3348 providentia
763 3279 862 3331 abbati
888 3279 1062 3340 Florinensi,
1077 3278 1187 3345 Joseph

171 3378 286 3430 semper
301 3378 385 3424 suus,
394 3363 502 3428 ubique
517 3377 598 3422 suus,
609 3365 696 3413 totus
711 3376 791 3421 suus,
805 3361 929 3411 salutem
945 3364 972 3410 et
987 3375 1017 3409 se
1033 3363 1128 3410 totum
1152 3374 1188 3408 ex

172 3450 245 3497 toto.
258 3466 272 3490 ι»
319 3469 321 3474 v

203 3523 310 3576 Scribit
324 3523 442 3590 quidem
458 3523 594 3575 Heloissa
607 3539 614 3572 ε
629 3543 642 3567 α
652 3523 777 3574 Domino
793 3536 856 3581 suo,
875 3520 934 3571 imo
950 3521 1042 3588 patri;
1071 3519 1187 3586 conjugi

172 3620 235 3665 suo,
253 3605 313 3655 imo
328 3604 425 3663 tratri;
441 3604 547 3654 ancilla
560 3619 624 3664 sua,
639 3603 698 3653 imo
713 3603 791 3663 filia,
803 3601 897 3668 ipsius
911 3616 993 3661 uxor,
1011 3602 1069 3651 imo
1094 3614 1184 3659 soror,

174 3687 333 3738 Abaelardo
349 3687 505 3736 Heloissa»
520 3685 666 3751 (Epistola
681 3685 716 3748 ΙΙ)
730 3684 906 3734 Abaelardus
921 3688 1034 3734 autem:
1050 3681 1182 3733 «Helois-

176 3783 216 3818 sae
234 3766 429 3818 dilectissimae
443 3765 536 3816 sorori
554 3780 615 3817 suae
632 3766 662 3816 in
679 3764 802 3824 Christo,
820 3763 993 3814 Abaelardus
1022 3762 1109 3812 frater
1126 3763 1189 3828 ejus

172 3847 316 3914 inipso.»
332 3847 476 3914 (Epistola
494 3846 552 3906 lll.)
