2678 4718
596 393 632 416 .-
653 362 758 433 ruf-

164 507 277 572 Corda
290 513 443 592 gemant,
461 507 556 591 uulgi
571 507 732 571 lacrimas
747 469 898 590 castigat
914 464 1056 569 adultas
1153 532 1156 536 ⁸

162 625 213 690 Vt
228 625 353 690 saltem
368 628 484 708 speret
500 624 596 688 ducis
612 623 657 689 ad
672 623 799 708 solacia
813 621 941 707 uulgus

161 739 367 809 Namsume
380 740 486 805 miser
500 718 554 804 est
567 739 621 824 cuj
640 759 702 803 nec
718 759 856 823 sperare
872 737 1043 802 relictum.

198 857 272 922 Nec
285 877 384 922 mora
399 857 562 921 diffusam
580 857 705 940 spaciis
720 856 910 920 maioribus
932 857 1053 920 urbem

159 976 333 1060 integrat,
351 979 388 1040 at
403 975 451 1058 (a)
467 977 585 1058 pocior
597 976 806 1038 construcio¹
822 974 970 1037 barbara
985 978 1134 1057 grecam¹

161 1093 319 1157 Exclusit
333 1093 518 1157 themesim
534 1093 605 1174 (b)³.‚
623 1091 784 1155 medicati
803 1091 948 1155 uulnera
966 1090 1053 1174 murj

162 1210 351 1292 Respirant
365 1207 505 1271 meliore
519 1227 637 1286 manu,
656 1213 938 1294 contemptaque¹
952 1207 1061 1271 moles

159 1326 206 1389 Jn
223 1345 345 1389 seuum
360 1329 397 1406 (c)
418 1324 575 1409 patuisse
588 1323 735 1404 aditum,
755 1330 791 1388 et
803 1344 872 1408 qua
889 1345 975 1389 saxa
997 1323 1176 1388 recedunt¹

164 1442 379 1506 Continuant
393 1441 495 1505 ualue
511 1440 676 1525 duplices
693 1442 769 1504 hec⁶
791 1441 929 1505 cardine
958 1440 1037 1503 laxo

162 1560 329 1624 Alternos
343 1557 467 1642 pandit
484 1556 613 1638 aditus,
629 1557 693 1620 hec
705 1558 811 1621 robur
825 1577 989 1621 aceruum
1013 1557 1056 1638 (ci)

162 1676 305 1762 Pectjue
318 1675 459 1740 ferrato¹
476 1677 603 1739 tacitos
619 1675 802 1757 suspendit
816 1678 852 1738 in
869 1679 970 1740 usus⁸
1115 1655 1119 1661 ⁴

161 1796 309 1878 Jamque
327 1813 424 1858 arces
449 1791 612 1855 cecidisse
638 1791 749 1868 iuuat,
771 1791 847 1874 jam
874 1789 1177 1856 machinamaior¹

161 1910 207 1974 Et
219 1911 314 1973 lucro
329 1911 463 1972 iactura
477 1907 581 1984 sunm,
597 1905 768 1970 mirabilia
783 1910 820 1988 (e)
837 1907 969 1990 primas

162 2026 378 2110 Propulsura
393 2029 544 2089 manus¹¹
564 2024 750 2108 pjnnarum
765 2023 899 2087 climine
919 2025 962 2110 (f)
978 2025 1086 2091 denso

162 2142 376 2226 Conspicuus
391 2140 517 2205 tollent
530 2144 573 2226 (9)
591 2140 717 2223 apices,
735 2159 797 2203 nec
813 2145 925 2205 menia
941 2152 1056 2229 muth

161 2259 314 2322 Rarior¹¹
328 2258 517 2321 excubias¹¹
537 2259 645 2320 turris
655 2256 790 2320 factura
803 2258 975 2323 secundas

161 2375 292 2440 Celsior
307 2375 491 2467 insuperas
503 2373 717 2437 contendens
731 2373 860 2452 uertice
882 2375 993 2438 nubes

200 2597 210 2631 ¹
233 2591 443 2656 Edificatione
471 2591 608 2666 troiana,
625 2608 736 2652 omncs
752 2589 880 2653 barbari
896 2601 1003 2674 pretor
1020 2613 1130 2674 grecos
1145 2605 1175 2658 ct

159 2691 363 2755 latinos-²
379 2691 406 2754 A
422 2691 523 2770 grecis
537 2687 666 2752 factam.
683 2721 723 2737 -
744 2692 755 2724 ¹
777 2689 976 2753 Dirutionem
998 2710 1173 2755 murorum.

163 2824 196 2838 -
213 2792 226 2826 ¹
243 2787 415 2852 Contenta
444 2796 491 2850 ost
519 2787 558 2851 in
578 2807 702 2850 senum
727 2787 803 2870 quia
824 2808 880 2851 sex
901 2799 993 2852 crant
1014 2800 1115 2873 porte.
1136 2828 1177 2838 —

160 2891 172 2925 ¹
192 2888 319 2950 Scilicet
345 2905 409 2950 non
433 2886 622 2949 continuant
643 2885 739 2950 muri.
764 2921 802 2935 -
823 2891 834 2925 ⁶
856 2888 976 2951 Altera.
1000 2926 1041 2935 -
1062 2896 1071 2927 ¹
1095 2890 1175 2964 Quia

160 2987 347 3050 admodum
362 2985 497 3068 pectinis
513 2984 624 3047 dentes
638 2983 736 3047 habet
751 2983 897 3049 ferratos.
914 2991 973 3034 -⁸
988 2988 1124 3052 Bellicos
1145 2998 1177 3052 et

160 3086 255 3148 datur
275 3085 308 3148 in
329 3082 458 3164 uulgari
479 3090 572 3166 porta
593 3081 763 3145 collaticia.
783 3118 815 3131 -
834 3085 845 3120 ⁹
861 3084 962 3159 Quam
977 3087 1065 3168 prius
1080 3086 1175 3150 fucrit

88 3200 90 3203 ·
158 3215 200 3230 η-
214 3188 238 3222 ¹⁰
252 3183 332 3258 Quia
353 3181 430 3244 urbs
451 3190 482 3244 et
504 3179 642 3263 amplior
663 3188 694 3242 et
715 3182 870 3244 munitior
890 3192 958 3245 orat
973 3203 1071 3265 quam
1085 3185 1175 3267 prius

158 3282 326 3346 extitisset.
343 3317 382 3327 —
398 3284 420 3318 ¹¹
434 3279 565 3344 Manus
587 3278 823 3342 assultantium.
841 3317 881 3327 -
896 3285 919 3319 ¹¹
942 3281 1038 3355 Quasi
1054 3283 1173 3346 dicarat

159 3381 240 3443 sicut
254 3379 352 3463 pinne
367 3380 464 3443 dense
479 3380 524 3443 ita
550 3387 581 3441 ct
596 3386 709 3440 turres.
726 3413 766 3422 -
782 3381 805 3415 ¹¹
825 3379 905 3453 Quia
933 3380 965 3442 in
988 3380 1129 3444 turribus
1144 3392 1175 3446 et

158 3496 267 3578 pinnis
288 3495 491 3560 celebrantur
505 3495 650 3561 excubie.

190 3669 227 3728 (a)
242 3669 287 3717 Ac
302 3665 344 3727 (D.
357 3667 412 3730 D.).
431 3693 458 3705 -
475 3667 514 3732 (b)
529 3668 666 3719 Nemesin
689 3667 733 3734 (D.
757 3667 817 3732 D.);
833 3667 938 3734 legitur
953 3667 1008 3721 the.
1025 3669 1056 3719 in
1078 3669 1177 3721 codice

157 3747 335 3798 notularum.
357 3773 386 3785 -
400 3748 435 3810 (c)
457 3749 524 3813 Leg.
541 3750 572 3799 in
586 3765 703 3811 cenonas,
728 3749 816 3800 habet
827 3753 925 3801 autem
942 3750 975 3801 D.
990 3763 997 3802 :
1014 3764 1128 3801 saeuum.
1145 3777 1175 3790 -

157 3827 196 3892 (d)
208 3829 402 3892 Acernumffl.
419 3829 472 3894 D.).
482 3857 510 3868 -
525 3833 559 3893 (e)
568 3831 694 3883 Muralia
705 3832 749 3894 (D.
760 3832 815 3896 D.).
830 3859 855 3872 -
868 3832 904 3896 (f)
917 3830 1049 3882 Culmine
1063 3832 1106 3892 (D.
1119 3831 1174 3888 D.).

161 3936 190 3949 -
205 3909 243 3974 (9)
258 3907 379 3960 Tollunt
403 3909 447 3973 (D.
473 3911 527 3973 D.).
