2678 4718
599 352 748 401 ..6⁶2-

165 495 336 562 turnum
363 492 501 585 ipsum
527 491 653 563 luisse
673 495 731 564 ait
752 491 955 565 Radullus
975 491 1180 565 Leiever¹.

214 621 465 695 Fabularum
493 624 657 696 illarum
680 632 863 698 veterum
896 626 997 706 loco,
1021 625 1071 697 ad
1092 627 1183 697 ani-

167 781 256 829 mos
289 753 366 829 sibi
396 757 693 843 conciliandOS‚
721 783 993 857 quaecumque
1027 760 1104 832 sibi
1137 761 1179 831 in

167 899 347 963 mentem
369 894 600 975 venierunt,
623 895 943 977 accuratissime,
972 902 1181 990 quantum

166 1028 316 1123 potuit,
342 1026 544 1121 descripta
569 1027 705 1098 lectori
721 1029 935 1122 proposuit
948 1028 1178 1123 Josephus;

164 1159 501 1255 vividissimaque
536 1184 666 1255 quum
703 1162 883 1234 locorum
915 1169 1005 1235 tum
1043 1163 1180 1234 homi-

166 1316 268 1365 num
288 1296 446 1390 pictura
466 1295 661 1391 longioris
680 1295 804 1367 taedia
826 1298 1075 1368 narrationis
1092 1297 1180 1393 pel-

165 1429 244 1500 lere
259 1430 450 1501 tentavit.
470 1427 579 1500 Urbe
594 1429 735 1525 'froja‘
753 1431 911 1502 multus
931 1439 992 1501 est
1020 1432 1064 1501 in
1091 1431 1183 1502 des·

164 1562 369 1647 cribendai,
408 1562 645 1658 multusque
679 1565 813 1658 prima
852 1566 891 1633 in
937 1564 1182 1637 celebranda

162 1703 249 1769 rate
264 1695 474 1768 tumidum
493 1718 604 1768 mare
620 1697 781 1793 aggredi
804 1703 904 1770 ausa
924 1723 931 1767 :

162 1863 253 1947 Ergo
277 1868 376 1947 sequi
396 1864 516 1926 docilis
531 1884 620 1946 quas
639 1866 793 1928 nondum
809 1871 956 1928 noverat
972 1867 1098 1942 undaS,

162 1962 320 2046 Tethyos
333 1962 367 2024 in
384 1962 553 2046 gremium
568 1966 695 2045 migrat
710 1970 881 2046 praerepta
896 1963 1018 2027 Dianae

163 2060 286 2132 Pinus,
307 2066 342 2123 et
359 2059 494 2122 eramis
511 2079 626 2122 remos
645 2060 815 2123 habet.....

162 2220 230 2282 Sed
244 2224 337 2302 rapit
352 2240 437 2283 aura
453 2226 574 2282 ratem.
593 2221 766 2297 Quonam,
779 2243 847 2304 quo
858 2223 1027 2305 naufraga
1041 2224 1181 2289 tendis?

163 2318 241 2394 Quo
255 2317 404 2400 populos
420 2315 454 2380 in
470 2318 542 2381 fata
557 2319 691 2382 trahis?
696 2368 756 2382 .....

161 2414 311 2478 Delicias
327 2416 412 2479 lethi
432 2417 591 2498 quaeris³.

211 2556 331 2650 Quod
358 2553 443 2658 ipse
471 2564 699 2636 notissimis
722 2566 857 2637 verbis
880 2566 1065 2640 elocutus
1085 2574 1177 2640 erat

162 2694 362 2766 Horatius
382 2720 390 2765 ε

402 2829 455 2891 llli
470 2831 576 2893 robur
589 2838 623 2894 et
638 2852 687 2894 aes
702 2815 829 2915 triplex

264 2925 358 2988 Circa
372 2934 494 3009 pectus
507 2935 591 3001 erat,
608 2930 667 3012 qui
681 2930 837 3014 fragilem
853 2935 941 2995 truci

404 3026 586 3089 Commisit
600 3029 722 3111 pelago
736 3034 848 3092 ratem

259 3189 355 3251 Gens
373 3189 527 3251 humana
542 3189 612 3252 ruit
626 3209 686 3271 per
703 3190 875 3254 vetitum*
878 3237 939 3253 .....

192 3335 226 3379 ίι
244 3333 397 3383 comment
421 3333 545 3383 Saturne
561 3333 606 3382 fut
622 3332 769 3382 couronnt
788 3334 911 3399 premier
927 3349 981 3397 roy
997 3332 1032 3384 de
1064 3333 1151 3384 Crete
1170 3352 1176 3385 :

159 3416 195 3465 Et
210 3417 325 3464 coment
340 3413 360 3462 il
382 3405 490 3464 tiouua
506 3413 651 3479 pluiseurs
679 3411 806 3462 sciences
833 3428 965 3479 parquoy
981 3414 1007 3463 le
1030 3414 1135 3479 pueple
1153 3416 1179 3464 le

152 3486 249 3545 tenoit
264 3508 299 3544 en
317 3493 452 3544 honneur
469 3508 581 3544 comme
608 3493 682 3542 dieu.
706 3511 719 3535 n
737 3492 844 3553 (Codex
857 3495 897 3552 59,
914 3495 944 3544 in
960 3493 1107 3545 Nationali
1125 3495 1176 3544 Bi-

159 3575 314 3633 bliotheca,
330 3575 378 3624 fol.
397 3577 433 3625 ΒΛ,

192 3673 203 3703 ²
216 3671 279 3721 Lib.
296 3673 317 3731 Ι,
333 3673 363 3721 in
378 3673 441 3736 fine.

192 3770 280 3820 ³Lib.
300 3772 322 3835 I,
342 3787 416 3821 vers.
436 3774 473 3822 70.

219 3869 390 3934 Lyricorum
407 3869 454 3920 lib.
474 3872 493 3928 1,
509 3870 532 3918 3.
