2678 4718
661 344 822 417 -nr'-

230 503 308 585 [psa
320 501 413 575 facit,
430 501 501 564 celo
515 502 638 581 frigius
653 511 830 587 parcoute¹
845 509 895 589 (a)
912 513 1064 572 meretur

230 617 390 694 Exilium,
408 617 541 698 gladios
556 618 712 683 incendia
724 620 865 705 pellitur
879 642 962 706 argo

229 737 497 819 Armatumque¹
515 735 629 799 iouem
648 737 770 801 mediis
786 745 907 804 exorat
922 740 957 802 in
973 741 1075 805 undis
1128 786 1131 790 ›

228 854 277 914 At
292 850 406 914 danae
421 852 569 935 flagrant
584 852 709 915 animis
724 857 951 936 poscentibus
966 876 1064 921 arma

231 969 309 1047 Quo
321 971 413 1052 rapit
431 968 482 1031 ira
495 968 603 1051 sequi,
621 967 803 1053 gladioque
823 970 932 1034 vltore
944 974 1143 1056 pudendam

231 1090 386 1148 Acusare
402 1085 447 1167 (b)
463 1083 730 1168 fugam‚‘contra
745 1086 932 1169 prudencia
944 1091 1045 1153 turbe

231 1192 338 1266 Rar'a¹
353 1221 479 1277 comeS,
496 1221 574 1265 raro
596 1201 731 1286 frigiam
746 1223 825 1266 cum
837 1203 947 1268 milite
961 1206 1091 1288 pendit,

230 1319 367 1402 Excipit
385 1317 552 1400 ancipites
566 1317 657 1381 docti
671 1320 769 1381 tuba¹¹
781 1324 932 1384 nestoris
948 1342 1051 1386 aures

232 1439 507 1519 suspensosque¹
519 1433 620 1518 regit,
639 1434 796 1519 irataque
814 1444 954 1520 pectora
969 1438 1098 1504 mulcet

233 1552 334 1636 Oquj
352 1551 573 1636 magnanimo
590 1551 774 1617 domuistis
789 1554 916 1638 remige
931 1556 1058 1619 fluctus

233 1670 301 1746 Qui
313 1669 414 1744 freta,
429 1671 488 1752 qui
503 1673 628 1731 uentos
642 1668 743 1751 primi
757 1669 893 1733 libastis
908 1677 942 1735 et
958 1678 1079 1746 astra⁷,

150 1799 153 1805 ·
232 1788 379 1850 Iratum¹
394 1785 561 1848 didicistis
576 1788 651 1861 iter,
665 1805 736 1848 nou
748 1790 833 1849 nota
847 1787 955 1851 secuti

234 1884 364 1947 Discite
380 1883 465 1946 dura
483 1885 568 1966 pati,
584 1882 658 1946 sola
673 1889 727 1946 est
742 1904 808 1967 que
826 1884 974 1949 conterit
986 1885 1125 1950 hostem

233 2001 481 2083 Virtutemque
495 2003 583 2083 regit
598 2000 872 2083 paciencia,}sola
885 2001 1072 2084 triumphis

233 2118 362 2181 Militat
377 2119 557 2190 innocuis⁰‚
579 2122 612 2179 et
624 2117 769 2180 honeste
788 2119 942 2181 consulit
961 2121 1009 2181 ire

233 2235 299 2298 Est
313 2240 452 2318 tempus
465 2233 631 2316 quando¹⁰
646 2233 742 2296 locus
756 2240 809 2298 est
824 2235 881 2318 ubj
898 2235 1046 2298 ledimur
1061 2255 1197 2314 omneS,

235 2351 400 2414 Ledimur
416 2349 579 2432 inmeritj‚
600 2349 820 2434 patimurque
835 2350 975 2434 indigna
988 2354 1132 2433 priores,

233 2470 284 2534 Vt
301 2487 406 2532 causa
420 2467 560 2530 meliore
573 2466 653 2551 fruj,
671 2468 873 2550 superisque
893 2467 1053 2531 secundis

233 2587 346 2650 Marte
365 2585 447 2648 dato
462 2583 562 2647 liceat
576 2603 646 2645 non
664 2584 727 2647 hec
743 2585 783 2666 (c)
800 2584 835 2646 in
848 2582 937 2667 iurja
952 2585 1079 2646 nobis¹¹

233 2705 295 2767 Set
308 2700 455 2765 danais¹¹
469 2700 560 2763 facta
579 2705 643 2773 est,
663 2699 775 2764 ueniet
787 2703 846 2783 qui
864 2701 1016 2783 probra¹³
1033 2719 1177 2763 suorum
1238 2732 1242 2743 ‚

278 2881 287 2913 ¹
303 2875 405 2938 Prius.
425 2909 466 2919 -
478 2878 489 2910 ¹
501 2873 654 2936 Ultorem.
667 2877 727 2917 —¹
760 2873 806 2934 lta
821 2871 951 2954 quidem
971 2871 1188 2954 expelluntur.
1208 2908 1250 2918 —

236 2980 248 3014 ¹
262 2975 342 3049 Quia
359 2973 414 3035 ubi
428 2972 522 3034 turba
535 2971 583 3056 ibi¹
604 2969 743 3032 turbatio
762 2971 849 3031 etsie
865 2969 1051 3031 absentatur
1065 2968 1247 3050 prudentia.

235 3110 275 3120 -
290 3078 301 3110 ⁵
317 3073 397 3136 on.
419 3070 878 3152 -0811spensusquand0que
896 3067 1013 3130 dicitur
1031 3067 1163 3128 numine
1177 3066 1248 3149 ple-

238 3192 309 3245 nus,
324 3171 516 3254 quandoque
541 3168 707 3240 sollicitus,
725 3168 918 3248 quandoque
938 3164 1055 3227 dubius
1077 3173 1113 3226 ut
1127 3165 1191 3228 hic.
1208 3202 1250 3212 —

236 3270 326 3352 ⁷lpsi
341 3271 426 3333 enim
442 3269 545 3350 primo
569 3284 742 3329 concursus
768 3283 841 3327 suos
863 3265 953 3327 iuxta
975 3272 1089 3327 uentos
1110 3271 1141 3325 et
1162 3272 1249 3326 astra

236 3368 393 3431 moderati
409 3375 493 3429 sunt.
510 3370 571 3411 -¹
589 3364 817 3426 Periculosum.
830 3400 871 3409 —
889 3367 900 3400 ⁹
916 3366 1074 3426 Innocuus
1100 3362 1250 3444 quando-

237 3487 299 3551 que
323 3468 441 3529 dicitur
455 3465 510 3547 qui
524 3483 588 3527 non
605 3472 696 3525 nocet
709 3463 901 3545 (quandoque
914 3465 964 3524 cui
985 3481 1049 3524 non
1066 3469 1198 3522 nocetur
1213 3468 1251 3522 ut

235 3567 298 3628 hio.
314 3603 354 3611 —
367 3562 531 3628 Innocuis
546 3562 782 3645 indempnihus.
793 3598 833 3606 -
845 3567 867 3598 ¹⁰
882 3563 1061 3642 Agundum.
1080 3595 1121 3605 —
1141 3563 1163 3594 ¹¹
1177 3557 1250 3622 No-

236 3664 282 3726 bis
305 3672 441 3726 tantum.
455 3697 495 3707 —
516 3666 538 3697 ¹²
553 3661 679 3724 Danais
703 3660 860 3723 omnibus.
880 3696 920 3704 -
946 3664 968 3696 ¹³
988 3658 1178 3722 Probrosam
1202 3676 1250 3719 ro-

236 3762 373 3845 pulsam.
983 3777 985 3781 ⁴

262 3898 300 3962 (a)
316 3895 510 3955 parcentem.
529 3895 581 3956 n).
599 3894 835 3957 -omxcusare
850 3869 989 3975 (12¹³.)st
1023 3892 1057 3954 (c)
1069 3845 1122 3940 iiic
1137 3890 1181 3951 (n.
1193 3891 1247 3947 n).
