2678 4718
602 377 744 432 ...77-

160 523 385 618 pectusque
400 517 528 590 veluti
543 523 745 613 apertum,
760 522 806 589 ut
820 517 878 589 ita
892 517 1041 598 dicam,
1054 514 1173 589 nobis

160 650 409 737 ostendisse3
430 651 549 725 illum
563 654 714 725 scimus
728 657 914 725 veterum
925 651 1037 725 haud
1057 652 1172 747 igna-

159 807 267 868 rum,
302 785 354 858 ad
391 771 515 861 taedia
542 787 653 870 vitea,
687 786 892 859 nobilium
916 784 1167 870 narratione,

159 918 361 1018 pellenda,
379 921 608 1018 scripsisse;
640 921 711 1018 qui
727 920 926 993 candidus
943 942 1168 1016 purusque,

135 1106 139 1110 -
159 1053 213 1131 ab
231 1054 426 1128 omnibus
442 1055 630 1149 dilectus
650 1039 886 1154 multosque
905 1077 1042 1128 amore
1056 1076 1170 1127 sum·

158 1211 229 1263 mo
246 1190 333 1286 ipse
353 1188 540 1287 diligens,
561 1191 670 1286 pius,
690 1197 731 1264 et
744 1191 950 1264 virtutum
970 1190 1167 1262 exercita-

158 1323 344 1397 tionibus
380 1324 506 1430 haud-
526 1348 641 1397 secus
680 1331 804 1421 atque
850 1323 1167 1398 humanioribus

160 1457 323 1532 artibus
339 1458 503 1532 deditus
519 1460 694 1532 vixerat:
734 1483 860 1557 quare
889 1462 1036 1534 merito
1068 1459 1172 1532 mihi

150 1589 324 1668 ¹videtur
343 1594 476 1691 operis
492 1595 555 1666 sui
569 1593 740 1691 judicio
777 1593 978 1690 superbus
1011 1595 1056 1666 in
1091 1595 1169 1677 his,

161 1727 235 1827 qui
254 1732 343 1800 tam
357 1727 569 1803 modestus
584 1730 629 1803 in
643 1728 735 1803 aliis
754 1727 901 1816 fuerat,
919 1729 1113 1803 carminis
1129 1730 1139 1800 i
1146 1752 1170 1802 n

143 1899 146 1903 ’
160 1859 243 1938 fine
262 1859 433 1936 dixisse:
835 1837 841 1850 ⁴

220 2083 310 2150 Vive
322 2085 420 2165 liber,
435 2087 589 2170 liberque
606 2088 695 2172 vige,
712 2089 773 2153 sed
788 2089 902 2172 siqua
916 2089 1101 2168 nocebunt,

218 2183 322 2276 Disce
337 2185 448 2250 libens
461 2185 571 2251 livore
584 2186 670 2249 nihil
684 2186 868 2252 sublimius
883 2179 981 2253 esse(

220 2283 308 2361 Cum
320 2283 384 2347 tibi
399 2284 580 2349 mordaces
598 2285 777 2370 obliquent
794 2287 884 2352 laeva
905 2287 1092 2351 cachinnos

220 2381 421 2464 Murmura3
437 2404 517 2448 cum
531 2384 671 2468 cupient
689 2384 816 2468 linguis
830 2387 980 2449 lacerare
1003 2386 1169 2470 profanis,

178 2509 208 2572 j
219 2479 278 2571 Sis
291 2483 427 2546 utinam
440 2482 572 2547 invidia
585 2483 722 2566 dignus,
742 2503 821 2568 quae
836 2504 974 2548 summa
985 2483 1137 2563 lacessit,

89 2572 93 2578 ’
218 2581 463 2666 Quampascit‚
473 2602 640 2666 praesens,
651 2586 1048 2668 extremaqueterminat
1056 2589 1162 2649 aetas!

158 2699 373 2798 multoque
388 2701 519 2798 magis
537 2724 663 2798 quam
695 2701 927 2778 Guidonem
956 2704 1079 2779 laude
1100 2705 1169 2778 illa

119 2825 122 2832 ’
159 2833 365 2932 Lydgatiai
384 2835 497 2908 haud
511 2835 731 2933 indignum
745 2861 830 2911 sese
849 2839 1022 2934 praebet:

278 2964 331 3060 He
346 2967 563 3033 enlumineth
577 2968 625 3054 by
646 2969 752 3034 crafte
773 2971 840 3035 and
860 2973 1006 3039 cadence

216 3063 303 3128 This
320 3063 421 3128 noble
440 3070 559 3151 storye
573 3068 664 3131 with
681 3087 788 3153 many
801 3069 915 3135 fresbe
929 3071 1067 3137 coloure

218 3162 266 3224 Of
275 3163 444 3240 rhetorik,
461 3165 530 3229 and
542 3186 649 3251 many
665 3169 773 3253 ryche
787 3169 898 3234 ssouer

216 3260 265 3324 Of
273 3261 470 3347 eloquence,
484 3269 521 3329 to
535 3265 639 3331 make
653 3266 681 3333 it
694 3267 822 3332 founde
837 3271 897 3334 the
918 3271 1005 3335 bett.

606 3570 715 3628 FlNlS
