2678 4718
607 326 740 378 -32-

165 462 231 535 ille
264 462 313 535 de
345 463 514 539 Veneris
547 464 612 538 die
644 470 727 563 qun
766 466 955 535 mortuus
987 455 1076 526 erat
1111 448 1182 521 Ri-

165 596 311 671 cardus
333 624 342 670 :

203 764 233 828 O
252 765 399 831 Veneris
417 768 614 852 lacrymosa
632 768 720 831 dies!
737 787 757 830 o
777 765 874 829 sidus
892 755 1070 825 amarum!

201 863 265 927 Iila
279 864 353 929 dies
363 871 425 930 tua
439 866 600 944 nonfuit,
615 872 650 930 et
664 867 787 930 Venus
802 864 861 928 illa
873 876 1063 931 venenum;

202 961 266 1025 Illa
282 963 376 1028 dedit
390 966 584 1030 vulnus.....

201 1059 231 1122 Ο
250 1060 367 1125 dolor!
386 1063 416 1125 O
429 1063 507 1146 plus
521 1083 627 1148 quam
645 1063 762 1127 dolor!
780 1082 800 1125 ο
816 1059 926 1124 mors!
939 1077 960 1119 o
976 1050 1180 1118 truculenta

199 1158 312 1223 Mors!
326 1160 433 1225 Esses
447 1162 583 1226 utinam
597 1180 692 1225 mors
714 1158 868 1224 mortua!
885 1154 969 1241 quid
983 1145 1181 1216 meministi

199 1258 298 1322 Ausa
311 1259 408 1323 nefas
422 1263 585 1325 tantum?
607 1259 743 1324 Placuit
755 1259 818 1323 tibi
834 1256 956 1321 tollere
971 1250 1093 1324 solem,

200 1355 246 1421 Et
269 1358 421 1422 tenebris
440 1361 620 1423 tenebrare
641 1354 771 1422 solum¹
778 1404 850 1421 ......

210 1524 312 1616 Quae
345 1527 515 1614 mirans,
548 1551 629 1600 non
659 1528 797 1624 potuit
827 1524 1023 1605 Chaucer,
1043 1520 1178 1593 faceto

163 1659 298 1756 lepore
317 1660 456 1745 solers,
485 1663 587 1758 quin
618 1662 790 1735 Veneris
809 1659 932 1745 diem,
964 1657 1052 1752 ipse
1079 1652 1182 1727 cele·

167 1790 359 1868 breturus
389 1796 618 1871 exclamet:

321 1973 351 2035 O
372 1973 548 2050 Gnufride,
569 1973 650 2037 dere
664 1973 808 2037 meister
824 1971 997 2049 soverain‚

116 2090 123 2103 '
157 2088 249 2152 That
264 2089 373 2153 when
387 2091 453 2173 thy
467 2091 611 2173 worthy
625 2090 710 2174 king
727 2090 881 2153 Richard
893 2107 972 2152 was
987 2085 1076 2150 slain

159 2187 260 2251 With
275 2188 367 2266 shot‚
384 2188 656 2271 complainedest
669 2189 726 2251 his
743 2189 828 2252 deth
843 2209 882 2252 so
902 2207 990 2260 sore,

156 2284 256 2369 Why
270 2305 313 2348 ne
327 2285 424 2348 hadI
439 2305 522 2348 now
537 2287 602 2370 thy
619 2286 750 2350 science
765 2287 835 2349 and
852 2287 918 2370 thy
935 2285 1017 2362 lore,

159 2383 187 2445 T
189 2383 232 2446 he
246 2383 273 2447 F
276 2382 376 2469 riday
390 2383 443 2446 for
458 2389 494 2448 to
510 2384 643 2460 ebidem
662 2405 702 2449 as
717 2385 776 2448 did
789 2385 873 2469 ye⁹i

208 2560 257 2630 ln
283 2560 364 2632 fine
393 2585 557 2658 quoque
588 2561 717 2633 Novoe
752 2558 940 2645 Poetrioe,
983 2527 1177 2630 mirificis
1223 2526 1226 2531 .

136 2776 139 2782 ,
159 2694 426 2767 innocentem
439 2695 596 2790 Papam
605 2694 798 2768 laudibus
815 2693 931 2768 effert
945 2689 1174 2766 Gnlfridus:

158 2860 231 2924 Nec
245 2861 342 2925 Deus
352 2881 389 2925 es
398 2881 460 2926 nec
473 2863 590 2938 horno,
600 2863 701 2946 quasi
711 2867 833 2927 neuter
845 2883 881 2926 es
889 2862 979 2926 inter
989 2865 1180 2944 utrumque

161 2979 274 3056 Quem
291 2979 388 3043 Deus
403 2980 505 3064 elegit
524 2983 668 3045 socium.
689 2979 871 3044 Socialiter
886 2976 957 3067 egit

161 3076 288 3141 Tecum
305 3079 459 3163 partitus
481 3080 662 3146 mundum.
680 3079 752 3144 Sibi
769 3078 882 3144 noluit
899 3098 992 3141 unus

162 3174 299 3253 Omnia,
320 3176 381 3239 sed
397 3176 507 3242 voluit
523 3177 586 3242 tibi
604 3183 727 3250 terras
749 3183 784 3241 et
802 3176 866 3240 sibi
879 3176 1014 3240 coelum.

161 3272 252 3350 Quid
268 3277 384 3357 potuit
402 3275 547 3340 melius?
563 3275 646 3359 quid
659 3274 795 3358 majus?
811 3275 864 3339 cui
884 3273 1035 3337 meliori?

160 3368 227 3433 Vel
243 3366 299 3436 cui'
311 3372 459 3458 majori?
478 3373 566 3438 Dico
579 3373 708 3436 minus,
725 3372 799 3435 Imo
817 3372 873 3436 vel
888 3392 986 3456 aeque

163 3469 291 3554 Magno
313 3471 369 3535 vel
389 3473 504 3537 simili.
1034 3453 1045 3472 Ι

198 3665 206 3697 ῑ
221 3661 323 3711 Nonne
338 3662 367 3711 in
384 3661 439 3720 his,
450 3659 657 3725 benignissime
667 3659 764 3719 lector,
780 3659 890 3726 aliquid
900 3659 988 3727 lepidi
1000 3658 1079 3710 illius
1096 3657 1178 3724 inge·

159 3739 200 3791 nii
215 3754 273 3807 quo
291 3746 386 3807 poetae
403 3741 523 3807 quidam
540 3745 627 3791 aetate
644 3740 744 3791 nostrii
760 3746 908 3806 praestent,
925 3729 1060 3792 invenis?

191 3846 202 3877 Β
222 3842 283 3894 The
300 3841 484 3906 canterbury
503 3840 599 3904 Tales,
615 3855 689 3891 vers.
705 3841 791 3890 15350.
