2678 4718
624 339 768 392 ...43-

148 472 307 551 turus
320 484 409 551 erat
421 478 708 553 celeberrimus
728 481 795 553 iile
824 481 1062 578 Torquatus
1096 482 1198 554 Tas-

156 622 273 699 sus,
290 608 339 682 de
353 613 468 685 Bello
499 613 635 697 Sacro
664 638 810 710 poema
829 616 1082 713 incepturus.
1099 614 1199 689 Inde

158 732 411 844 Iosephus:
482 807 484 811 .

812 973 934 1036 Altera
954 991 1074 1050 sacrae,

288 1087 407 1150 Tendo
425 1087 482 1150 fita
497 1088 595 1171 lyrae,
612 1088 744 1171 plectro
756 1089 887 1173 majore
903 1088 1076 1165 canenda,

288 1204 450 1266 Antiochi
473 1223 527 1267 me
543 1203 631 1268 belia
653 1211 840 1269 vocant...¹

237 1404 522 1503 Baiduinoque
541 1405 725 1479 dixerat:

266 1591 314 1654 Te
328 1609 435 1654 sacrae
451 1600 632 1655 assument
645 1595 736 1655 acies
755 1592 939 1675 divinaque
955 1591 1043 1655 bella

217 1725 221 1734 ’
265 1708 362 1772 Tunc
380 1708 522 1791 dignum
538 1709 669 1792 majore
683 1710 783 1781 tuba;
801 1715 884 1772 tunc
899 1714 1037 1792 pectore
1052 1714 1128 1799 toto

266 1823 377 1898 Nitor,
391 1829 425 1886 et
438 1827 646 1886 immensum
659 1840 793 1887 mecum
805 1843 966 1907 spargere
978 1843 1039 1907 per
1049 1825 1166 1888 orbem
1175 1830 1198 1889 ².

238 2073 276 2144 Α
295 2070 475 2166 Josepho
496 2072 537 2141 in
555 2071 673 2168 Syria
690 2070 881 2169 adjutum
896 2071 1020 2144 fuisse
1033 2042 1202 2145 Baldui·

186 2229 288 2280 num
312 2204 529 2287 credimus
559 2206 645 2300 qui,
676 2207 829 2302 pietate
854 2211 1004 2303 magna
1029 2205 1198 2280 mirabi-

185 2342 297 2439 lique
327 2342 509 2423 caritate‚
545 2346 730 2435 posteros
759 2341 898 2438 ipsum
922 2365 1006 2414 non
1040 2340 1199 2415 Urbani

186 2473 449 2547 subamarum
466 2475 664 2547 meruisse
680 2481 822 2548 notam
836 2477 1028 2548 certiores
1044 2475 1139 2549 fecit
1157 2482 1169 2515 ⁸
1188 2500 1197 2548 ι

190 2635 208 2678 «
236 2609 487 2682 Nostrorum
502 2614 653 2708 parteS,
671 2611 729 2683 ait
749 2609 988 2696 GodwinuS‚
1015 2608 1073 2683 ibi
1089 2611 1200 2707 juvit

188 2765 437 2843 magnopere
456 2744 752 2830 concionando,
783 2743 1049 2830 consulend0,
1079 2768 1200 2842 pecu-

190 2877 281 2951 nias
309 2879 447 2976 egenis
477 2879 695 2976 erogando,
731 2886 772 2953 et
803 2903 969 2972 morum
994 2880 1204 2954 sanctissi-

185 3034 350 3085 morum
384 3014 584 3110 exemplo,
621 3013 748 3085 donec
785 3013 956 3086 tandem
992 3015 1034 3086 in
1064 3013 1203 3085 Ptole-

219 3239 285 3290 ¹De
299 3238 381 3290 Bello
400 3239 538 3304 Trojano,
556 3237 606 3287 lib.
624 3237 659 3286 V.

215 3344 227 3374 ²
244 3338 289 3390 De
303 3337 386 3389 Bello
404 3337 543 3402 Trojano,
556 3336 604 3387 lib.
628 3338 648 3396 l,
667 3351 741 3386 vers.
756 3338 794 3388 49.

213 3440 224 3473 ³
241 3435 295 3486 His
309 3435 406 3486 verbis
430 3435 567 3487 Urbanus
587 3436 734 3487 Balduino
760 3436 885 3487 salutem
905 3435 1008 3487 misit:
1027 3454 1040 3480 α
1055 3435 1203 3487 Monacho

181 3516 406 3578 feruentissimo,
422 3516 522 3568 abbati
540 3516 642 3578 calido,
654 3518 790 3584 episcopo
802 3517 909 3582 tepido,
923 3515 1142 3582 archiepiscopo
1162 3531 1204 3566 re-

182 3598 283 3662 misso,
306 3597 443 3649 Urbanus
467 3613 571 3648 seruus
597 3612 750 3649 seruorum
774 3597 855 3648 Dei...
887 3597 1054 3648 salutem.»
1081 3594 1203 3660 (Giraldi

181 3679 370 3732 Cambrensis
383 3680 577 3731 Itinerarium
595 3679 751 3741 Cambriae,
766 3679 901 3740 Londini,
922 3679 995 3740 1585,
1010 3680 1118 3744 Ἆρες.
1135 3677 1203 3743 229.)

182 3779 198 3808 α
216 3762 287 3813 {talo
304 3762 366 3813 haec
380 3762 470 3813 verba
486 3767 569 3814 aceto
584 3764 709 3829 perfusa,
726 3783 741 3808 n
766 3761 806 3812 ait
821 3760 969 3812 Lelandus
985 3760 1205 3822 (Commentarii

181 3843 217 3896 de
233 3845 426 3910 Scriptortbus
441 3845 631 3902 Britannicis,
644 3860 705 3908 cap.
726 3842 873 3906 CXCVH).
