2678 4718
541 292 748 371 ¹--117-

156 456 271 520 Predo
283 460 408 539 potens
422 457 557 540 culpem
572 477 615 520 ne
627 461 816 541 ratemque
830 455 1175 540 primaperundans,

159 572 215 636 Ad
229 572 363 637 facinus
380 573 501 639 molita
515 576 616 638 uias‘l
633 579 738 658 atque
753 577 938 657 autropon¹
955 574 1049 636 ausit
1064 571 1120 652 (α),

157 689 217 752 An
235 709 340 754 causa
355 690 506 775 portiore
521 692 679 773 probem,
697 690 771 754 sine
786 689 928 773 remigis
942 709 1021 761 usu,

159 815 241 879 Non
255 821 376 880 nosset
393 815 565 898 memphis
582 835 717 879 romam
732 835 802 878 non
817 815 921 877 indus
936 814 1096 877 hiberum

158 932 241 996 Non
259 934 346 996 scita
361 932 553 1016 cicropiden
570 953 641 996 non
654 937 777 996 nostra
797 932 981 994 britanniar’
996 929 1139 1013 gaulum

161 1048 302 1113 Primus
317 1051 360 1113 ab
375 1049 528 1113 excubiis
540 1055 680 1114 muntes
694 1051 846 1133 proreta⁸
862 1031 1034 1135 pelasgos

162 1166 342 1251 Anticipat
357 1169 492 1231 saluere
507 1167 629 1232 iubens
647 1172 685 1231 at
698 1172 812 1231 cetera
827 1168 937 1249 pubes

163 1282 352 1347 Remorum
366 1284 520 1368 assurgit
535 1284 652 1348 studio
668 1286 793 1347 uictrix
808 1302 875 1366 que
892 1283 1008 1346 carina

164 1376 373 1465 Thessalicis
387 1400 500 1465 reddit
513 1421 601 1486 quos
616 1401 651 1464 in
665 1401 753 1464 freta
766 1397 914 1463 duxerat
929 1399 1025 1462 aruis
1129 1451 1134 1461 .

165 1517 252 1593 Quis
267 1517 384 1580 uarios
396 1523 565 1587 memoret
577 1517 722 1601 plausus
734 1516 813 1602 quis
824 1516 950 1600 gaudia
961 1514 1057 1598 uulgi

165 1631 201 1695 Si
215 1651 341 1715 parcus
355 1631 677 1716 memjujsseuelim
691 1632 747 1696 uel
761 1631 854 1697 nolle
867 1631 968 1695 fateri

165 1749 231 1813 Vel
246 1750 369 1814 seriem
384 1770 454 1813 non
466 1769 551 1813 nose
567 1749 609 1830 (bl
630 1753 767 1832 putent,
785 1748 814 1812 si
828 1720 995 1832 prodigus
1013 1749 1110 1810 auris

165 1867 337 1931 Fastidita
349 1873 451 1951 neget
460 1866 579 1930 faciles
591 1866 636 1930 ad
650 1865 786 1949 singula
801 1870 921 1938 nutus,

164 1983 270 2049 Pelea
284 1981 433 2068 mjratur
446 1983 607 2047 reducem
622 1981 759 2057 larissa,
776 1982 941 2064 pilonque

166 2100 297 2164 Nestor
310 2102 425 2177 habet,
441 2101 641 2164 thelamone
658 2119 721 2162 suo
744 2097 916 2181 salamjna
935 2096 1091 2181 superbit
1109 2118 1117 2159 ε

166 2216 261 2280 Leda
273 2218 498 2293 therauueis⁴,
518 2222 552 2281 et
565 2215 731 2279 fratribus
747 2213 851 2298 orjtia

112 2356 115 2360 “
166 2330 356 2416 Ysmarijs⁵
369 2331 558 2416 laudatque
573 2352 676 2395 suum
691 2330 874 2414 calidouja⁶
890 2335 1002 2393 mater

169 2449 350 2533 Oenjden'‚
363 2449 519 2513 nundum
541 2454 680 2513 tantum
695 2451 817 2525 soror⁸,
837 2446 967 2530 orphea
983 2450 1097 2509 traces
1114 2465 1121 2505 ε

166 2568 348 2631 Archades
361 2567 549 2643 admetum,
564 2565 789 2649 thalaumque
803 2566 925 2628 thesea
940 2567 975 2627 et
988 2563 1095 2647 ydam

169 2665 418 2768 Antheumqu'e
432 2685 536 2746 urbes
548 2683 642 2745 uarie
661 2704 667 2744 :
686 2701 752 2745 sua
765 2681 879 2746 menia
893 2699 1065 2764 quemque

168 2803 220 2864 At
231 2800 519 2884 peloponnesum⁹
541 2819 619 2862 cum
639 2798 745 2881 preda
758 2796 866 2881 diujte
881 2797 991 2860 iasoN

214 3023 222 3055 ¹
237 3019 381 3091 Mortem,
404 3017 479 3099 quia
494 3036 551 3099 per
570 3016 659 3077 illam
677 3016 808 3078 accessit
827 3033 913 3077 mors
924 3033 988 3076 una
1003 3022 1115 3076 ratem.
1147 3048 1187 3058 —

172 3121 184 3152 ¹
199 3116 330 3197 Anglia.
347 3151 388 3161 -
403 3119 414 3153 ³
428 3115 582 3177 Proreta
597 3114 713 3175 dieitur
730 3113 786 3175 ille
799 3114 854 3195 qui
866 3113 899 3174 in
911 3129 1007 3195 prora
1020 3111 1189 3192 uigilat.—
1249 3111 1252 3118 ’

174 3219 186 3252 ⁴
200 3215 329 3278 Castore
343 3223 374 3277 et
386 3213 525 3296 polluce,
542 3212 642 3275 alooo
666 3212 711 3274 sic
726 3212 830 3274 dietis.
850 3247 890 3256 -
905 3215 916 3246 ⁵
929 3211 1062 3292 Propter
1080 3218 1184 3272 zetum

173 3321 205 3376 et
219 3314 261 3377 ob
273 3314 389 3377 ealaim
399 3312 483 3375 filios
495 3313 591 3375 beree
606 3320 636 3374 et
651 3311 767 3373 orithie
778 3347 818 3355 —
828 3329 954 3393 ysmara
967 3308 1188 3391 promunt-oria

174 3421 248 3474 sunt
269 3412 302 3474 iu
322 3411 405 3474 sitia.
422 3416 487 3456 -θ
503 3410 606 3474 Altea.
621 3446 661 3455 —
673 3415 682 3446 ⁷
692 3409 897 3489 Meleagrum.
914 3444 954 3453 —
969 3408 1068 3481 ⁸Quia
1083 3408 1189 3476 adhuc

174 3520 243 3574 erat
257 3520 288 3574 et
298 3528 388 3573 soror
402 3519 433 3573 et
448 3517 561 3583 mater,
586 3517 633 3571 set
647 3526 720 3571 eum
741 3507 774 3569 in
803 3506 926 3568 ultione
953 3504 1084 3567 fratrem
1101 3505 1188 3566 filius

175 3608 334 3673 interfecit
358 3616 493 3671 matrem
530 3608 628 3669 exuit.
657 3606 738 3668 Nota
769 3614 816 3667 est
831 3603 952 3667 fabula.
979 3606 1044 3650 -9
1065 3603 1185 3665 Nomen

178 3715 225 3769 est
237 3707 337 3791 opidi.

209 3908 248 3965 (a)
263 3905 332 3967 Leg.
356 3903 449 3954 auxit.
476 3929 503 3939 -
528 3902 565 3966 (b)
581 3901 671 3952 Posse
697 3900 739 3962 (D.
758 3900 812 3961 Π).
