2678 4718
612 317 753 372 -ll-

166 457 411 557 persuadere
427 459 732 556 archiepiscopo
747 458 912 533 difficile
932 459 1024 533 luit.
1059 460 1182 532 Maes-

172 594 336 666 tissimo
352 593 534 690 quidem,
558 594 628 667 sed
643 593 883 668 firmissimo
898 598 1053 683 animo,
1069 597 1093 668 J
1096 621 1182 670 ose-

166 726 291 823 phua,
305 727 572 801 dilectissimo
586 728 782 802 Guiberto
795 730 1005 804 valedixit.
1022 732 1182 827 Episto-

167 861 251 932 lam
270 859 472 934 habemus
497 863 539 932 in
562 867 657 958 qua,
677 862 947 960 prolecturus
973 865 1180 961 benignis·
1232 910 1233 914 =

166 995 316 1067 simam
348 1002 388 1069 et
414 996 746 1070 amantissimam
777 999 902 1071 simul
930 1006 1054 1097 atque
1072 1005 1180 1071 artes

71 1136 106 1146 “
165 1130 558 1228 exercitationesque
583 1132 789 1206 virtutum
823 1134 1023 1206 colentem
1062 1156 1178 1206 men-

160 1269 246 1342 tem
277 1265 470 1339 ostendit.
500 1266 618 1338 Hanc
646 1266 786 1339 lectori
816 1272 949 1340 totam
983 1266 1177 1340 adhibere

164 1399 335 1485 vellem3
365 1424 494 1497 quum
539 1407 677 1474 autem
708 1403 889 1499 spatium
933 1409 1057 1487 vetet,
1093 1427 1178 1475 non

139 1534 142 1539 ’
165 1547 335 1632 possum
354 1537 457 1633 quin
478 1535 538 1607 illi
570 1543 707 1633 partes
723 1537 870 1610 saltem
894 1538 1054 1634 aliquas
1073 1561 1178 1633 prae·

164 1677 281 1752 bearn
300 1703 339 1751 :a
349 1680 514 1776 Loquor
527 1681 739 1753 sanctitati
753 1687 913 1765 vestrae,
929 1681 988 1753 ait
1003 1681 1071 1752 ille
1087 1704 1179 1754 nos-

164 1820 238 1900 ter,
262 1814 305 1885 in
320 1819 471 1910 peraet
494 1813 653 1899 baculo,
677 1814 818 1887 divina
836 1820 1007 1888 vocante
1027 1821 1068 1887 et
1099 1816 1180 1888 uti-

163 1971 260 2022 nam
288 1955 560 2046 prosequente
587 1950 731 2046 gratia,
761 1950 1063 2046 lerosolymam
1083 1973 1178 2022 cum

166 2081 437 2156 dominomeo
454 2083 740 2156 Cantuariensi
761 2083 1064 2181 archiepiscopo
1089 2106 1179 2180 pro·

162 2214 359 2290 fecturus.
373 2217 459 2290 Vos
474 2223 614 2290 autern
635 2210 762 2314 quem
773 2218 926 2290 sincere
946 2218 990 2290 in
1000 2218 1178 2290 Domino

163 2355 204 2422 et
230 2350 490 2448 singulariter
518 2350 656 2447 diligo,
689 2352 793 2423 mihi
832 2373 926 2422 cum
955 2350 1176 2449 proficisci·

160 2507 254 2558 mur
268 2485 325 2556 sic
339 2459 475 2558 nestra
495 2506 659 2557 mecum
677 2485 1033 2581 properegrinetur
1050 2483 1172 2556 dilec-

159 2618 233 2711 tio,
254 2625 303 2691 ut
322 2598 394 2716 qui
413 2614 580 2715 corpore
615 2619 886 2715 sejungimur,
910 2617 1034 2690 simul
1050 2640 1175 2715 copu-

161 2753 306 2827 lemur.
325 2752 496 2825 Summa
511 2775 603 2825 vero
619 2753 832 2848 petitionis
848 2775 949 2825 meae
961 2747 1037 2837 e'st,
1051 2758 1099 2826 ut
1110 2775 1174 2824 me

160 2891 266 2960 certe
292 2893 476 2959 vestrum
510 2892 651 2959 sancta
685 2887 922 2959 orationum
944 2893 1174 2959 vestrarum

160 3021 360 3094 instanlia
374 3020 694 3119 persequamini,
707 3043 751 3091 ac
766 3019 899 3093 Deum
912 3021 1071 3092 itineris
1084 3044 1175 3093 nos·

156 3156 212 3228 tri
231 3162 522 3254 praeceptorem
538 3160 577 3250 et
593 3154 752 3238 ducem,
780 3178 853 3251 pro
873 3177 938 3226 me
958 3155 1089 3250 magis
1109 3178 1173 3226 as·

160 3288 275 3362 sidue
293 3312 419 3386 quam
431 3288 664 3387 frequenter
678 3288 803 3361 oretis
816 3311 825 3374 ;
844 3289 925 3360 scio
940 3289 1050 3361 enim
1065 3287 1175 3384 quod

157 3424 340 3496 multum
370 3423 480 3496 ¹ralet
509 3424 740 3519 deprecatio
756 3423 860 3520 justi
882 3420 1062 3496 assidua.
1085 3421 1174 3493 Uti·

158 3580 257 3630 nam
296 3557 367 3632 vos
406 3559 624 3631 dominum
666 3581 819 3644 meum,
857 3557 1171 3631 dilectissimum

158 3714 298 3765 meum
324 3693 487 3766 videam
507 3699 732 3789 antequam
766 3691 940 3765 moriar!
975 3690 1053 3763 Sed
1070 3712 1172 3785 quo-

64 3837 66 3841 ’
159 3826 274 3898 niam
294 3829 438 3924 ignoro
464 3835 607 3901 utrum
642 3851 715 3898 vos
750 3827 922 3900 ulterius
944 3828 987 3899 in
1006 3846 1172 3919 corpore
