2678 4718
596 387 746 437 ...85-

154 528 267 625 phus
292 488 561 629 'Brontensiu
600 529 644 600 in
682 527 856 623 eleganti
903 482 1090 622 poemate
1128 524 1177 596 de

158 662 273 736 Bello
301 664 494 750 Troiano,
528 661 640 773 quod
667 659 770 735 falso
802 660 991 735 Cornelio
1020 660 1171 756 Nepoti

157 804 407 881 adscribitur
437 811 479 880 et
516 806 658 909 Dareti
690 804 887 923 Phrygio,
923 804 980 879 sic
1012 804 1176 879 ait...»

161 938 416 1041 (Apparatus
435 938 489 1013 od
508 936 723 1015 historiam
757 937 972 1024 soricem,
1005 937 1100 1011 libri
1124 937 1177 1018 ΙΙ,
1205 942 1209 947 ’

163 1076 374 1160 Bononiae,
398 1075 508 1162 1622,
530 1075 583 1160 4⁰,
606 1070 679 1149 lib.
696 1064 749 1161 1'1,
767 1098 858 1172 pag.
878 1073 958 1171 97.)

224 1447 426 1519 Prrssus:
465 1540 467 1545 Α

219 1742 238 1784 α
261 1714 461 1810 Iosephus
481 1716 649 1786 iscanus
675 1714 842 1787 natione
867 1711 1092 1808 Argiusr..
1115 1713 1178 1783 vir

165 1849 282 1922 omni
292 1847 734 1922 bonerumlitterarum
748 1844 1180 1942 lautioresupellectile

165 1982 527 2066 instructissimus,
545 2004 687 2079 graecae
716 1981 868 2078 linguae
887 1979 1178 2076 peritissimus,

167 2121 287 2215 poeta
300 2113 402 2189 adeo
421 2116 599 2214 elegum,
619 2121 665 2189 vt
689 2137 784 2189 cum
813 2114 983 2212 optimis
1011 2113 1181 2212 quibus·

167 2274 246 2351 que
262 2250 447 2349 antiquis
463 2251 630 2348 ingenio
648 2255 690 2323 et
704 2254 791 2327 arte
807 2248 980 2324 conferri
996 2273 1071 2324 suo
1092 2250 1179 2322 iure

166 2383 347 2483 potuerit
352 2437 429 2458 .....
447 2384 732 2459 crescentibus
753 2407 911 2482 semper
942 2385 1111 2481 pietatis
1139 2391 1179 2456 et

165 2517 364 2592 doctrinae
391 2521 565 2603 meritis⁹
587 2519 821 2616 principum
854 2526 896 2590 et
934 2523 1178 2623 magnatum

165 2653 403 2728 conciliauit
418 2655 629 2728 animos...
647 2680 665 2722 >r
697 2651 971 2750 (Relationem
1004 2651 1179 2725 Histori-

163 2811 304 2860 carom
318 2786 366 2861 de
380 2787 500 2901 rebus
516 2787 703 2886 anplius,
725 2785 1084 2887 iomvsprimvs...
1101 2788 1179 2859 Po·

164 2920 288 3003 risiis'‚
310 2920 419 3007 1619,
436 2921 489 3005 40,
511 2946 603 3019 pag.
621 2921 725 3020 275.)
866 2978 869 2983 -

217 3321 446 3395 Rorourios
470 3319 808 3394 Hesurorumrs:

216 3634 235 3678 r<
261 3606 451 3706 [Exonia]
478 3608 612 3705 patria
641 3606 811 3703 Josephi
834 3607 966 3681 Iscani
995 3608 1175 3705 exquisi-

162 3732 315 3816 tissimi
334 3742 488 3840 ingenii
512 3748 656 3839 poetae.
687 3769 705 3812 u
734 3739 969 3839 (Britannia
997 3741 1173 3840 Murrum

164 3874 477 3959 Amsteiodomi‚
500 3873 609 3958 1661,
632 3874 707 3960 120,
728 3896 770 3970 p.
790 3873 894 3971 352.)

1022 4005 1036 4054 u
