2678 4718
544 339 682 392 ..37-

62 484 268 552 aestatem
294 503 472 568 morum,
494 491 585 556 tum
600 483 918 580 propter‘vitam
945 482 1077 555 sancti

60 602 252 691 Martini,
274 630 400 702 qnam
431 616 562 693 metro
582 613 887 705 composuerat3
921 615 961 681 et
993 606 1078 680 Tu-

63 738 312 812 ronensibus
332 740 613 818 obtulerat¹....
631 770 649 812 a

115 871 241 967 Cujus
256 875 383 948 etiam
397 899 491 973 erga
507 877 707 951 Sanctum
737 877 971 950 Martinam
990 877 1075 973 pie·

64 1011 197 1078 tatem
211 1007 325 1080 haud.
340 1010 534 1106 ignorans
546 1011 569 1085 J
573 1012 765 1108 osephus,
783 1012 820 1083 ei
836 1037 854 1081 a
871 1012 1047 1083 Prosam
1059 1038 1077 1080 a

66 1135 118 1212 de
134 1125 483 1217 SanctoMartino
498 1147 633 1230 misit;
664 1145 776 1245 quod
802 1170 826 1218 a
848 1144 1078 1219 Mabilonio

67 1297 233 1372 quoque
248 1279 514 1374 accepimus².
533 1278 612 1353 Sed
632 1281 814 1362 amicitia
830 1301 958 1377 qnam
978 1302 1074 1352 cum

68 1407 267 1483 Guiberto
282 1412 491 1507 junxerat,
513 1438 563 1486 ex
582 1413 765 1509 epistolis
782 1414 985 1510 praecipue
1004 1435 1076 1508 ap·

64 1548 196 1640 paret,
214 1569 317 1641 quas
345 1545 631 1622 doctissimum
660 1547 780 1620 illum
809 1547 888 1620 Th.
907 1546 1082 1643 Wright

65 1677 180 1751 haud
199 1703 315 1753 secus
329 1687 453 1779 atque
474 1682 685 1754 universos
701 1703 845 1753 omnes
865 1679 1000 1778 quide
1021 1680 1080 1754 Is·
1168 1685 1171 1690 ’

66 1837 171 1886 cano
187 1816 439 1912 scripserunt
464 1815 704 1888 transivisse
733 1815 874 1887 miror.
895 1814 1079 1888 Summo
1184 1866 1187 1871 -

67 1946 229 2033 solatio,
245 1949 423 2046 Josepho
444 1958 505 2022 est
525 1949 724 2022 scribere:
750 1975 767 2018 a
789 1948 876 2021 Hoc
897 1970 994 2023 sane
1015 1948 1082 2021 de·

68 2083 469 2177 lectatusbeneficio,
502 2086 575 2168 ait,
599 2083 809 2158 studiosus
839 2083 1000 2169 insisto,
1034 2088 1082 2155 ut

67 2216 167 2291 illuc
185 2219 416 2292 devolionis
431 2241 533 2291 meae
549 2226 665 2292 curat
685 2217 872 2315 epistola,
895 2216 966 2290 ubi
992 2239 1080 2289 cor·

68 2377 167 2451 pore
187 2353 350 2438 absenS,
367 2355 485 2427 corde
499 2378 658 2451 semper
674 2368 854 2450 praesens
883 2351 996 2424 sum³
1001 2403 1075 2424 .....

67 2489 189 2562 Meus
204 2488 373 2586 quidem
406 2491 571 2563 animus
590 2486 805 2562 vobiscum
831 2509 915 2559 non
941 2485 1080 2580 hospi-

65 2628 195 2708 tatur,
213 2624 284 2697 sed
299 2631 498 2709 moratur,
522 2631 567 2697 nt
591 2625 680 2721 jam
699 2622 883 2696 vicissim
916 2617 968 2692 ad
1003 2641 1080 2692 nos

67 2757 200 2832 redire
215 2782 299 2832 non
308 2759 445 2856 ‘possit
459 2761 531 2855 qui
553 2781 771 2856 nunqnam
790 2753 998 2828 discedit⁴.
1019 2781 1037 2822 a

107 2984 114 3017 ¹
128 2978 153 3029 J.
171 2977 324 3030 Mabilonii
340 2979 443 3030 Vetera
449 2980 596 3039 Analecta,
609 2977 738 3038 Parisiis,
749 2978 821 3037 1723,
835 2976 1034 3027 adnotationes
1046 2974 1085 3025 ad

71 3058 221 3110 Heroardi
233 3060 413 3110 Leodiceasis
430 3059 628 3111 archidiaconi
642 3058 806 3125 Episioiam
815 3057 853 3108 ad
868 3056 900 3109 G.
918 3056 1092 3131 canonicam*

71 3138 301 3200 Laudanensem,
317 3154 382 3207 pag.
390 3139 445 3192 482.

101 3239 113 3271 ²
129 3237 248 3289 Codices
264 3236 322 3289 duo
338 3238 449 3289 invenit
466 3237 644 3290 Mabilonius
660 3237 690 3288 in
703 3235 811 3304 quibus
826 3236 940 3301 aliquas
955 3235 1060 3300 reperit
1070 3250 1087 3285 a

71 3317 203 3385 Josepho
215 3319 339 3384 scriptas
354 3319 493 3386 epistolas
505 3341 519 3365 α
531 3317 654 3384 egregiae
666 3316 822 3384 probitatis
837 3313 1021 3375 scholastico,
1038 3314 1088 3380 qui

72 3399 309 3465 Hierosolymam
333 3414 398 3451 cum
419 3399 620 3451 Cantuariensi
641 3398 783 3450 Antistite
804 3396 997 3464 prolecturus,
1019 3394 1088 3446 Gui-

71 3479 154 3530 berto
171 3493 288 3545 prosam
304 3479 340 3530 de
356 3481 462 3531 Sancto
477 3479 605 3531 Martino
621 3477 844 3530 examinandam
871 3474 1007 3527 obtulit.»
1022 3475 1086 3525 Ma-

71 3558 176 3610 bilonii
196 3559 300 3612 Vetera
314 3561 454 3622 analecta,
470 3576 535 3629 pag.
548 3562 603 3612 483.

105 3661 117 3696 ³
131 3659 276 3726 Magistri
289 3661 312 3710 J
313 3660 410 3725 asephi
419 3660 635 3710 adGaibertam
646 3657 780 3708 abbatem
797 3656 997 3707 Florinensem
1007 3654 1092 3721 Epis·

73 3739 142 3791 tola.
159 3740 250 3808 Apud
261 3743 386 3802 Matreu,
403 3746 473 3791 tom.
489 3741 513 3801 I,
530 3741 582 3790 col.
601 3740 656 3791 936.

106 3845 118 3877 ⁴
134 3840 222 3905 Apud
236 3843 359 3893 Marten.
384 3840 421 3891 Ut
435 3854 532 3904 snpra,
552 3839 604 3889 col.
621 3840 676 3890 937.

931 3931 946 3979 3
