2678 4718
592 351 752 404 -ttb‘-

159 489 251 551 Ense
267 509 330 552 suo
347 490 505 566 redimet,
521 490 570 552 sic
587 489 691 566 fatur,
711 494 745 552 et
759 489 882 572 accipit
899 509 1021 552 omnes

158 604 324 689 Delinitaf
340 605 458 682 thetis,
474 609 710 690 gremiumque
729 604 871 688 exponit
885 605 987 670 ituris

155 705 237 767 Jam
249 704 377 768 fluctus
396 725 537 768 emensa
552 724 673 788 uagos,
685 704 725 788 jn
742 704 912 788 phasidis²
929 705 1043 769 undas
1152 753 1153 756 ,

159 822 318 884 Declinat
332 827 493 904 pegasea³
505 820 592 885 ratis
608 821 799 905 pelagoque
813 821 933 884 relicto

158 937 368 1021 Pauperiore
382 935 459 1000 sinu
475 942 528 1001 set
543 937 714 1000 liberiore*
728 937 839 1020 potita

157 1053 271 1138 Multa
284 1057 382 1138 prius
399 1054 585 1118 metuenda
603 1054 693 1131 tulit,
712 1053 794 1117 dum
810 1053 929 1119 lictore
944 1055 979 1118 in
994 1055 1065 1119 alto

158 1169 344 1233 Discordes
359 1175 502 1253 agerent
517 1173 558 1251 (a)
579 1174 764 1254 uentorum
780 1170 826 1252 (b)
842 1171 949 1254 prelia
965 1177 1082 1235 motus

157 1286 329 1368 Inprobus
342 1286 461 1369 audacj
481 1286 662 1370 suspendit
675 1290 809 1370 gurgite
824 1292 972 1369 pontum

157 1403 285 1466 Phasis
301 1409 335 1466 et
350 1404 510 1467 obnitens
526 1405 673 1486 castigat
685 1404 720 1466 in
735 1422 820 1466 arua
836 1409 979 1467 ruentes
996 1407 1049 1487 (c),

104 1495 107 1501 Ι
160 1520 345 1583 Cessuram
363 1519 552 1604 miseratus
566 1520 712 1582 humum
726 1519 809 1583 furit
826 1519 882 1583 ille
896 1520 1061 1602 feroxque

158 1637 358 1700 Pontaneas
374 1637 421 1718 (d)
437 1635 472 1699 in
487 1641 598 1700 cestat
612 1656 733 1720 aquas,
750 1636 934 1720 bylemque
947 1637 1110 1715 refundit,

158 1754 197 1816 In
219 1754 309 1816 uada
324 1753 451 1816 blanda
466 1772 579 1831 suam,
595 1753 870 1837 dedignaturque
887 1757 1008 1829 teneri,

158 1871 239 1953 Ipsa
253 1874 427 1953 etiamque
441 1872 535 1932 notis
548 1869 688 1952 celoque
704 1888 825 1932 sereno
842 1872 896 1952 (a),

162 1987 249 2050 Cum
263 1978 388 2050 timeas
404 1985 447 2070 (f)
463 1985 604 2048 hiemes⁵
617 1999 743 2069 porcus
760 1987 802 2069 (q)
820 1989 982 2068 angustia
995 1992 1118 2049 notum
1132 1987 1173 2066 (h)

153 2097 230 2167 'Nec
243 2106 356 2186 spatio
372 2102 501 2165 laxum⁶
515 2102 632 2186 ianget
644 2122 750 2176 mare,
767 2105 890 2165 crescit
905 2076 1021 2196 aranei

157 2220 392 2283 Consumtura
406 2224 510 2298 rates,
528 2218 701 2301 tellusque
720 2219 866 2282 occulta⁷
883 2217 1049 2292 vadosas,

160 2336 199 2398 In
212 2335 388 2398 cumulum
402 2335 583 2418 suspendit
596 2355 707 2418 aquas
724 2357 731 2396 ι
751 2334 898 2397 mentita
913 2333 1118 2418 profundus,

159 2452 187 2515 F
189 2452 340 2516 iuctuas⁸
356 2451 580 2537 (i)ambiguus
598 2451 706 2534 tiphis
722 2472 827 2535 prope
842 2451 944 2515 litora
960 2455 1106 2534 spectat,

113 2687 118 2697 .
202 2639 211 2671 ¹
231 2634 326 2708 Quasi
349 2633 467 2696 diceret
482 2634 648 2696 deflorata.
662 2670 702 2679 —
716 2633 850 2696 'Phasis
871 2631 989 2693 fluuius
1004 2638 1051 2693 est
1067 2631 1173 2694 eolco·

160 2752 242 2796 rum.
266 2735 328 2778 -³
344 2732 402 2795 Uel
419 2752 476 2815 per
494 2741 590 2815 eaput
613 2732 723 2815 pegasi
747 2732 955 2814 insculptum,
978 2730 1031 2792 uel
1051 2750 1070 2791 a
1090 2728 1170 2791 loeo.
1220 2783 1222 2787 .

160 2867 201 2877 —
217 2835 229 2868 ⁴
247 2831 350 2894 Minus
374 2830 563 2914 procelloso.
586 2835 658 2878 -⁵
686 2831 816 2913 Hiemps
841 2830 1033 2912 quandoque
1056 2846 1172 2890 nomen

161 2929 324 3015 temporis,
358 2929 550 3010 quandoque
579 2948 693 2991 nomen
728 2929 926 3010 tempestatis
963 2935 998 2988 ut
1014 2957 1016 2961 ·
1034 2927 1097 2989 hie.
1134 2963 1174 2972 -

161 3031 173 3064 ⁶
197 3028 321 3101 Quanto
345 3045 432 3088 mare
460 3025 621 3108 profusius
644 3035 733 3088 tanto
748 3026 942 3106 languidius
958 3034 1079 3108 quanto
1096 3043 1172 3088 eon-

160 3125 291 3188 traotius
315 3133 405 3187 tanto
427 3125 648 3207 procellosius.
672 3130 733 3170 —⁷
749 3125 846 3198 Quasi
862 3125 982 3187 diceret
1001 3124 1174 3186 uidebatur

161 3223 206 3286 ibi
227 3223 428 3306 profunditas
447 3243 486 3285 ex
507 3222 686 3285 eleuatione
702 3223 887 3295 undarum·
902 3231 949 3285 set
967 3241 1032 3285 non
1047 3231 1125 3295 erat,
1143 3231 1173 3284 et

161 3322 194 3384 in
209 3323 260 3385 his
277 3321 355 3384 loois
370 3322 558 3402 contingens
578 3321 761 3403 frequenter
781 3320 969 3403 periclitari.
991 3357 1031 3366 -
1046 3324 1058 3357 ⁸
1073 3320 1172 3382 Dubi-

161 3428 218 3483 tat.

191 3566 227 3624 (a)
246 3565 352 3627 Ageret
378 3562 421 3626 (D.
452 3562 498 3624 D.)
527 3563 610 3628 -(b)
624 3563 775 3613 Undarum
792 3564 835 3625 (D.
853 3564 906 3617 Du.
931 3562 1005 3627 -(c)
1027 3563 1180 3612 Ruentem-

160 3644 203 3707 (D.
220 3643 274 3708 Π).
298 3667 326 3680 -
351 3642 388 3704 (d)
404 3642 553 3693 Potandas
569 3644 612 3706 (Dr
630 3644 683 3705 D.).
702 3670 730 3680 -
752 3645 787 3708 (e)
807 3642 958 3692 Claudicat
980 3657 1083 3692 versus
1107 3641 1171 3693 iste.

159 3726 233 3776 Eum
256 3723 297 3774 ita
323 3723 506 3788 transcripsit
523 3724 556 3773 D.
573 3739 578 3773 :
600 3725 666 3789 Ipsa
685 3723 772 3774 etiam
794 3722 957 3789 clausisque
972 3723 1059 3784 notis,
1074 3725 1125 3773 etc.
1143 3750 1173 3761 -

161 3807 192 3870 (t)
203 3804 364 3855 Continuas
382 3805 424 3869 (D.
446 3803 499 3867 D.).
512 3804 585 3868 -(p)
594 3804 700 3855 Portus
717 3805 759 3865 (D.
776 3804 829 3868 D.).
849 3831 876 3842 -
891 3804 930 3866 (h)
948 3803 1049 3853 Vovlit
1063 3801 1106 3867 (D⁸
1117 3803 1170 3866 D.).

159 3911 191 3924 -
206 3886 235 3946 (i)
253 3885 319 3950 Leg.
339 3884 471 3949 fluctuat.
