2678 4718
617 299 749 351 ...35-

170 416 264 507 triae
284 419 394 491 haud
426 423 656 507 immemor,
685 424 900 496 assiduum
928 421 1112 497 laborem
1143 429 1185 496 et

172 549 444 650 philosophiae
458 538 725 656 veterumque
743 566 961 654 poetarum
978 555 1184 643 studium,

173 684 370 758 solatium
385 687 531 762 habuit
546 715 793 789 carmenque
813 714 936 765 suum
960 689 1160 764 condidit.

224 819 450 910 Quasdam,
482 848 529 896 eo
557 832 741 923 tempore
770 827 956 922 scriptae,
990 821 1187 922 epistolas

175 951 389 1038 habemus,
424 958 467 1028 in
499 957 666 1054 quibus
691 965 733 1032 et
766 961 906 1035 animo
930 965 971 1032 et
1004 982 1186 1054 corpore,

173 1088 269 1183 quis
292 1088 417 1162 fuerit
443 1091 648 1190 Josephus
683 1094 936 1168 invenimus.
968 1093 1074 1165 Eum
1108 1093 1189 1165 ele·

173 1231 342 1318 gentem
361 1248 561 1313 sermone,
579 1227 726 1302 habitu
754 1236 992 1312 venustum.
1014 1250 1083 1301 ore
1099 1233 1187 1300 toto

172 1356 396 1431 amabilem
416 1366 458 1432 et
475 1360 660 1457 lepidum
675 1362 801 1435 fuisse
821 1363 1059 1458 accipimus.
1078 1361 1187 1433 Voce
1224 1407 1227 1412 -

173 1495 292 1571 soavi
325 1507 365 1568 et
393 1494 557 1579 blanda.
594 1496 793 1570 modestis
830 1496 983 1580 oculis,
1016 1494 1189 1568 nobilis·

172 1626 292 1699 slmae
319 1631 469 1702 mentis
498 1630 650 1703 indicio
682 1629 810 1703 nobili
841 1629 976 1713 vultu,
1012 1627 1188 1725 gratiam

173 1761 484 1862 amicitiamque
516 1766 706 1838 omnium
729 1763 808 1837 sibi
821 1760 1080 1847 conciliabat,
1101 1763 1188 1834 ani-

174 1918 266 1969 mos
284 1899 565 1993 permulcebat
584 1906 625 1973 et
649 1899 702 1972 ad
734 1897 1064 1972 benevolentiam
1092 1895 1184 1968 alli·
1238 1943 1247 1961 .

175 2029 320 2105 ciebat.
335 2032 434 2105 Haec
452 2034 593 2107 omnia
606 2035 650 2106 in
662 2031 849 2107 Guiberti
865 2028 1189 2127 quadamdeJo-

173 2156 303 2251 'sepho
322 2157 522 2253 epistola:
965 2184 968 2189 ’

226 2319 245 2360 «
271 2291 441 2365 Dudum
472 2299 526 2376 te,
547 2293 845 2375 amantissime,
880 2294 923 2362 in
945 2291 1184 2365 Geldorensi

175 2426 326 2522 oppido
359 2432 685 2515 commorantem
717 2449 979 2523 cognoscens,
1001 2425 1188 2499 conside·

175 2565 265 2632 rata
296 2561 437 2634 vultus
465 2562 529 2634 tui
554 2562 770 2634 honestate
797 2568 837 2632 et
857 2566 1088 2639 venustate,
1107 2561 1189 2632 oris

175 2695 319 2790 gratia,
334 2695 534 2792 elegantia
551 2695 768 2779 sermonis,
794 2694 945 2768 frontis
960 2695 1187 2778 hilaritate,

130 2813 132 2817 ⁵
175 2830 431 2902 continentia
443 2830 656 2904 oculorum
667 2835 709 2902 et
721 2837 926 2926 gestuum,
945 2831 1075 2903 totius
1100 2853 1187 2901 cor-

176 2966 288 3061 poris
306 2966 369 3037 tui
395 2963 674 3038 moderatione
702 2966 900 3062 inspecta.
930 2965 1188 3060 ultraquam

176 3097 283 3170 credi
298 3099 428 3195 possit
447 3122 570 3196 super
588 3098 654 3171 his
674 3098 898 3171 delectatus
916 3106 956 3170 et
977 3095 1189 3169 admirans

175 3233 219 3304 in
229 3233 379 3330 juvene
388 3239 518 3306 tantae
532 3235 738 3328 specimen
752 3232 983 3305 honestatis
1000 3231 1185 3326 reperiri,

175 3367 275 3439 totis
291 3373 329 3440 te
349 3366 581 3440 dilectionis
599 3367 823 3440 visceribus
850 3365 1094 3460 suscipiens,
1126 3388 1189 3435 re-

176 3501 333 3597 quievit
353 3501 395 3572 in
416 3508 455 3573 te
474 3500 645 3597 spiritus
659 3512 807 3573 meus¹.
826 3529 843 3569 »

209 3719 217 3751 ¹
239 3713 374 3765 Veterum
391 3713 569 3779 Scriptorum
583 3719 611 3767 et
622 3713 906 3765 Monumentorum...
921 3712 1113 3781 Amplissima
1126 3710 1191 3762 Col-

176 3796 287 3858 lectio...
310 3809 399 3860 opera
416 3796 449 3844 D.
466 3793 613 3845 Edmundi
627 3795 770 3853 Martene,
788 3792 873 3843 Tom.
889 3793 910 3852 Ι,
927 3790 980 3844 col.
997 3793 1052 3846 939.
