2678 4718
598 338 732 409 ..59-

215 496 351 579 Quippe
367 497 491 576 Deum,
507 499 664 582 yenitore
687 507 794 575 metu,
818 519 916 561 mens
930 518 1020 561 caeca
1035 498 1163 560 creavit

216 591 335 658 Ditem
348 596 491 670 umbris,
508 597 595 662 coelo
619 618 776 681 superos,
792 604 826 661 et
841 599 983 661 numina
1003 598 1117 660 Ponto
1130 605 1148 660 ¹.

207 789 266 860 De
280 789 488 861 sacrificiis
503 791 563 862 ait
585 815 593 860 :

217 956 374 1040 Totaque
385 959 605 1021 thuricremis
623 956 804 1023 Panchaia
815 961 924 1042 spirat
940 964 978 1022 in·
989 963 1072 1022 aris.

223 1057 368 1121 Venales
387 1065 551 1139 emptura
574 1059 699 1122 Deos²!
741 1098 743 1103 -

206 1231 322 1304 Alias
338 1255 503 1327 quoque
525 1233 727 1306 exclamat
745 1259 753 1304 ε

219 1418 347 1482 Desine
364 1419 517 1503 Cecropii
528 1420 670 1484 ¹funesta
682 1421 820 1484 licentia
836 1426 913 1504 pagi

219 1515 376 1581 Incestos
391 1538 554 1601 generare
570 1519 653 1582 deos
671 1541 676 1580 :
695 1539 765 1582 non
778 1519 895 1583 fabula
910 1520 1046 1590 coelum,

219 1615 286 1677 Sed
302 1615 415 1678 virtus
429 1635 499 1678 non
513 1616 594 1680 ficta
607 1617 703 1680 dabit
712 1623 733 1680 ³.

208 1796 303 1867 Non
318 1797 522 1868 Venerem
537 1773 783 1880 etiamsnon
799 1797 1033 1869 Minervam
1047 1785 1071 1869 J
1074 1822 1176 1872 uno·
1238 1821 1240 1824 ⁴

161 1954 350 2027 nemque.
378 1930 558 2025 Josepho
580 1933 614 2002 si
634 1931 735 2002 fides
765 1930 954 2016 habetur,
973 1932 1079 2014 vidit
1099 1934 1176 2005 Pa·

159 2067 230 2148 ris
250 2064 379 2138 sedin
401 2066 564 2137 somnio
579 2064 716 2138 videre
729 2064 806 2138 sibi
821 2068 935 2138 visus
951 2074 1011 2138 est
1032 2090 1041 2137 τ
1063 2067 1174 2164 quod

159 2199 327 2296 quidem
347 2199 505 2271 multus
534 2206 595 2270 est
620 2201 663 2270 in
684 2198 891 2272 narrando
913 2202 998 2297 ipse
1019 2201 1174 2272 Priami

158 2334 283 2407 filius.
307 2332 447 2405 Refert
467 2335 578 2444 enim
608 2335 725 2405 Paris
745 2335 797 2406 ad
828 2336 1037 2431 propriam
1064 2337 1173 2432 ipsa·

157 2490 252 2542 rum
285 2467 450 2540 laudem
479 2490 701 2554 sermones
736 2469 807 2565 qui
838 2468 969 2541 divini
1002 2468 1171 2567 quidem

159 2602 277 2687 nihil,
301 2602 473 2676 humani
507 2626 598 2674 vero
633 2602 812 2676 multum
843 2602 1018 2687 habent;
1041 2627 1174 2701 neque

159 2737 343 2821 Homeri,
375 2735 446 2809 sed
492 2744 633 2811 contra
671 2740 911 2812 recentioris
957 2737 1175 2836 cujusdam

160 2878 322 2969 poetam,
338 2874 580 2946 memoriam
606 2881 791 2948 renovat.
812 2875 1003 2973 Namque
1030 2875 1173 2949 eodem

161 3005 284 3079 modo
304 3032 388 3110 quo
402 3009 479 3080 iste
490 3008 696 3104 jucundas
708 3008 984 3105 ridendosque
1003 3008 1173 3081 dearum

162 3130 301 3216 lectori
316 3142 473 3240 praebet
484 3144 699 3240 imagines,
714 3145 906 3230 iunonis,
922 3143 1120 3216 Minervae
1135 3151 1175 3216 et

160 3274 332 3350 Veneris
362 3278 566 3364 festivam,
584 3286 630 3352 ut
658 3280 717 3351 ita·
735 3277 885 3362 dicam,
907 3278 1082 3374 effigiem
1105 3301 1177 3351 no·

193 3471 199 3500 ¹
217 3469 278 3520 Lib.
300 3469 321 3529 1,
339 3484 414 3519 vers.
433 3469 473 3518 99.

190 3588 203 3611 α
225 3567 341 3618 Primus
354 3568 384 3619 in
399 3567 468 3617 orbe
484 3568 560 3617 Deos
576 3567 641 3617 fecit
656 3567 753 3624 timor,
772 3539 910 3617 »dixerat
926 3565 1090 3617 Petronius.

189 3676 200 3706 ³
221 3667 284 3718 Lib.
304 3667 352 3726 ΙΙΙ,
367 3682 441 3717 vers.
459 3668 498 3717 10.

188 3777 198 3809 ³
215 3766 279 3816 Lib.
296 3767 344 3826 111,
360 3782 435 3816 vers.
448 3766 503 3816 1454.

191 3866 398 3916 ⁴Demoustier
415 3894 443 3904 -
459 3866 570 3917 Lettres
589 3866 605 3914 ὰ
623 3836 738 3916 Emitte..
