2678 4718
356 1400 383 1437 τ
455 1408 477 1471 J
480 1427 602 1472 osuem
617 1427 782 1472 circumis
796 1408 908 1472 Lmen
925 1428 1068 1488 rurum,
1163 1465 1166 1468 .

255 1543 322 1587 corr
334 1545 434 1588 uorrs
446 1546 539 1589 uuuc
553 1546 823 1602 primumcum
833 1545 979 1589 comeum
990 1530 1272 1588 MANUSCRIPTUM

315 1663 351 1706 ru
365 1662 554 1707 uirroului
573 1643 808 1707 Bmmoruucu
821 1644 1065 1716 AssurrvAruu,
1083 1661 1210 1706 uoms.

292 2023 435 2108 Legitur
447 2022 541 2106 apud
559 2023 731 2088 Warton¹
753 2028 825 2089 tres
843 2024 978 2089 codices
992 2024 1270 2105 manuscriptos,

254 2142 289 2201 in
303 2138 431 2221 quibus
445 2138 487 2202 de
501 2137 591 2203 bello
606 2139 758 2224 Trojano
772 2140 794 2204 J
795 2138 915 2223 osephi
942 2159 1066 2222 poema
1093 2137 1191 2210 insit,
1208 2155 1275 2231 su·

253 2274 394 2339 peresse
411 2276 418 2317 :
434 2254 568 2337 primus
589 2260 793 2320 asservatur
807 2260 843 2320 in
856 2252 1152 2321 Vestmonasterii
1167 2252 1274 2317 eccle·

256 2372 320 2450 sib,
337 2371 510 2436 secundus
528 2372 563 2435 in
587 2372 802 2437 Bibliotheca
823 2370 1025 2444 Bodleiand‚
1042 2371 1171 2435 tertius
1187 2388 1275 2433 vero

254 2486 291 2550 in
314 2486 532 2572 Magdalenae
548 2489 698 2573 Collegio
721 2489 883 2570 (Oxou.)².
905 2486 1051 2552 Nullum
1071 2489 1274 2550 exstantem

253 2605 290 2667 in
310 2603 529 2668 bibliothecis
555 2603 679 2669 Galliae
704 2605 844 2669 indicet.
870 2605 991 2688 Nuper
1015 2606 1150 2676 autem,
1175 2599 1274 2664 haud

253 2723 435 2784 immemor
449 2720 593 2785 Lelandi
609 2723 793 2786 verborum
810 2743 817 2784 :
838 2745 853 2784 o
869 2721 955 2785 Cum
970 2719 1148 2784 studerem
1162 2715 1274 2781 Lute-

254 2835 314 2900 tiae
329 2836 544 2902 Parisiorum
560 2842 595 2902 et
616 2838 860 2903 bibliothecam
870 2821 1116 2902 ⁸victorianum
1139 2835 1274 2897 invise-

254 2971 340 3027 rem,
356 2952 447 3017 idem
461 2953 521 3037 qui
532 2956 630 3038 prius
641 2953 789 3030 libellus,
806 2954 868 3019 sed
890 2973 1035 3018 mancus
1057 2951 1163 3016 etiam
1186 2947 1274 3013 mihi

257 3228 296 3358 H¹
311 3225 434 3356 Iliistory
452 3229 482 3294 of
495 3227 619 3294 Enylish
634 3228 836 3296 Poctrystom.
854 3229 876 3293 1,
898 3241 963 3294 pag.
984 3225 1042 3291 226,
1064 3226 1135 3276 nota
1151 3221 1167 3272 4
1182 3219 1272 3282 (Edit

286 3320 317 3356 az
330 3307 383 3370 itt).

285 3411 297 3443 ²
311 3405 404 3458 Addit
418 3408 505 3459 etiem
520 3409 577 3470 ille,
593 3408 624 3460 in
638 3408 821 3461 Hunteriond
837 3407 1012 3460 bibliothecd
1031 3406 1168 3470 Glasguae
1182 3414 1272 3468 quar·

254 3490 318 3538 tum
329 3488 457 3539 codicem
467 3491 577 3541 servari
591 3491 622 3542 in
635 3507 693 3558 quo
703 3492 824 3558 Josephi
834 3506 937 3557 poema
949 3487 1081 3555 Anglicis
1092 3481 1274 3537 carminibus

255 3567 401 3619 redditum
418 3570 547 3623 invenire
561 3576 615 3624 est.
631 3575 729 3638 Nuper
744 3586 813 3623 vero
831 3571 927 3622 editus
941 3572 997 3623 fuit
1012 3569 1110 3622 codex.
1122 3567 1186 3626 iste,
1200 3562 1273 3615 curd

257 3649 352 3700 Paton
362 3654 390 3701 et
400 3650 569 3704 Donaldson
582 3654 632 3720 qui
645 3652 836 3704 ostenderunt
850 3669 909 3705 non
920 3651 1052 3719 Josephi,
1062 3648 1113 3701 sed
1126 3641 1274 3699 Guidonis

258 3728 295 3781 de
311 3730 453 3784 Columna
469 3748 543 3800 opus
557 3735 599 3786 ita
619 3735 649 3785 in
664 3734 808 3800 anglicam
825 3734 954 3800 linguam
976 3744 1150 3784 conversum
1168 3724 1271 3778 fuisse.
