2678 4718
592 377 749 429 -10'1-

155 517 298 582 Felices¹
310 531 399 603 quos
411 537 482 581 non
494 518 603 581 trahit
624 516 777 588 anbitus.
794 515 904 580 ardua
918 520 1045 580 nactus

158 633 237 698 Non
251 637 287 697 in
302 654 339 698 se
358 633 545 698 descendit¹
560 634 697 706 bonosi,
712 651 784 695 non
795 651 873 696 cece
892 637 1053 716 potestas

130 749 134 754 Α
160 751 253 828 Quid
267 754 380 835 possit
390 751 544 815 fortuna⁴
554 750 660 827 uidet,
676 769 747 812 non
760 729 891 832 perfide
905 751 1013 813 sentit

159 868 380 951 Prosperites
398 867 536 930 fleuisse
554 864 734 930 humilem⁵
748 865 810 947 qui
822 864 912 929 ridet
927 865 962 928 in
977 864 1070 939 altis,

161 985 311 1050 Parcite⁶
327 983 504 1068 sacrilegal
520 987 678 1066 superos⁸
696 985 867 1045 incessere
882 981 989 1066 preda
1004 985 1059 1063 (a),

163 1100 301 1165 Parcite
319 1098 460 1165 uenales
478 1099 638 1182 quisquis
659 1103 808 1162 uenatur
828 1098 990 1174 honores,

164 1216 265 1281 Unde
279 1221 360 1280 ruat
373 1214 561 1279 stabulata'
574 1214 615 1296 (b)
632 1213 750 1292 struit,
765 1217 891 1296 premit
901 1218 937 1296 (c)
946 1216 1035 1279 ulcio
1056 1234 1174 1291 noxas

206 1351 305 1425 ¹Quia
319 1351 378 1413 iste
393 1350 599 1412 intermedius
613 1348 845 1432 postiniamem
860 1350 1021 1413 honorum
1035 1350 1178 1432 adeptio-

169 1467 244 1511 nem
265 1449 373 1511 minus
388 1447 567 1512 tractabilis
603 1447 718 1510 existat
738 1469 745 1508 ε
763 1447 834 1511 ideo
857 1447 934 1510 dicit
952 1446 1065 1531 felices
1094 1468 1177 1533 quoe

166 1544 331 1620 ambitus,
345 1545 477 1613 honoris
492 1545 663 1628 cupiditas,
677 1543 876 1608 contrahit
890 1553 922 1607 et
939 1564 1038 1628 quare
1056 1545 1177 1622 felices,

165 1645 296 1729 quiaex
313 1645 458 1727 quoeris
482 1645 523 1707 ad
545 1644 687 1707 honores
709 1643 875 1707 extollitur
903 1663 959 1706 sue
984 1644 1178 1707 conditionis

167 1745 323 1807 inmemor
335 1742 485 1815 eflicitur,
508 1743 594 1804 uude
618 1740 797 1824 psalmista,
813 1742 995 1805 homocum
1010 1742 1042 1803 in
1057 1743 1179 1806 honore

166 1850 260 1916 esset,
275 1859 339 1904 non
353 1841 527 1903 intellexit:
539 1845 602 1886 —2
619 1840 717 1902 lllein
732 1859 765 1902 se
776 1841 941 1902 descendit
953 1840 1009 1923 qui
1023 1841 1180 1905 conditio·

167 1960 241 2004 nem
255 1959 347 2003 suam
358 1940 508 2013 consulit,
520 1939 641 2001 scilieet
652 1939 739 2020 quod
751 1939 848 2000 homo
861 1939 902 2001 sit
916 1939 971 2020 qui
981 1939 1021 2001 de
1031 1940 1137 2001 cinere
1149 1949 1180 2002 et

168 2040 202 2102 in
218 2039 358 2103 cinerem
372 2057 566 2101 reversurus.
583 2040 647 2082 -³
672 2037 745 2100 Aris
756 2037 896 2100 honores
922 2036 1050 2099 arduos.
1070 2041 1134 2083 -⁴
1148 2038 1181 2101 Si

168 2137 299 2202 fortuna
331 2139 430 2212 uolet,
453 2144 527 2210 etc,
547 2135 601 2197 fiet
623 2135 662 2197 dc
680 2136 807 2199 rethore
828 2135 950 2210 consul,
971 2134 998 2198 si
1012 2135 1101 2199 uolet
1113 2136 1195 2220 hoec¹

169 2235 283 2299 eadem
298 2236 353 2298 liet
367 2236 406 2298 de
426 2235 556 2297 consule
572 2234 690 2297 rethor.
710 2270 750 2280 —
768 2237 779 2271 ⁵
798 2233 822 2295 l.
848 2253 876 2296 e.
900 2234 933 2296 in
945 2253 1011 2297 uno
1029 2235 1179 2318 positum,

168 2343 201 2397 et
215 2353 280 2397 non
296 2342 342 2396 est
354 2334 417 2403 hoc
430 2339 593 2415 sumptum
611 2332 772 2395 auirtute.
792 2369 833 2378 -
857 2333 929 2395 ⁶Hic
942 2333 1066 2397 occulte
1078 2333 1182 2396 innuit

168 2434 209 2495 de
222 2432 285 2494 illo·
294 2431 439 2515 predicto
451 2431 507 2513 qui
523 2430 695 2493 simoniace
709 2432 895 2494 cathedram
905 2432 1102 2515 occupando,
1118 2431 1183 2494 fine

169 2529 385 2611 ignominioso
404 2529 544 2592 deiectus
566 2528 672 2602 luerit,
689 2528 757 2611 ipse
781 2531 955 2594 enimcum
969 2530 1025 2593 diu
1041 2530 1075 2592 in
1098 2537 1182 2593 statu

168 2630 330 2715 pontilicis
342 2629 512 2705 floruisset,
532 2630 565 2692 in
585 2631 726 2713 sompnis
745 2633 894 2715 apparuit
921 2632 951 2694 ei
966 2640 1092 2695 sanctus
1113 2633 1184 2695 tho-

168 2749 239 2794 mas
257 2730 351 2792 uultu
374 2729 511 2792 terribili
526 2729 646 2804 dicem,
663 2730 735 2793 dico
749 2731 808 2793 tibi
823 2751 924 2814 quum
947 2739 1136 2814 exurpartor
1150 2751 1184 2794 es

168 2831 329 2893 bonorum
342 2826 487 2903 ecclesie,
508 2847 567 2908 ego
585 2828 618 2890 in
635 2827 723 2891 brevi
738 2829 906 2912 extirpabo
919 2840 951 2893 te
965 2830 1024 2913 (d).
1041 2867 1082 2877 —
1097 2835 1108 2868 ⁷
1123 2830 1183 2905 Qui

168 2928 256 2990 enim
272 2944 336 2990 non
351 2926 448 2988 intrat
466 2946 524 3009 per
534 2927 677 2990 hostium
691 2928 723 2989 in
739 2928 818 2990 ouili
842 2929 964 3004 ouium,
977 2929 1031 2992 hic
1057 2928 1109 2991 fur
1137 2935 1184 2993 est

167 3035 202 3089 et
214 3027 308 3096 latro.
322 3062 363 3072 —
379 3030 392 3063 ⁸
408 3025 546 3108 Superos
564 3025 636 3088 dico
662 3044 801 3108 quorum
819 3035 893 3089 ante
920 3029 1086 3092 dominum
1112 3046 1182 3111 pre·
1283 3053 1287 3058 ·

168 3125 272 3189 sentia
294 3126 405 3199 seruit,
432 3141 512 3207 quos
535 3123 634 3185 habet
662 3123 694 3185 iu
721 3143 798 3187 uero
813 3125 935 3188 lumine
953 3146 1029 3190 uera
1044 3126 1122 3190 dies.
1142 3161 1183 3172 -
1254 3110 1258 3116 ⁵

168 3223 295 3298 ⁹Quasi
317 3222 436 3286 diceret
469 3221 529 3284 sibi
554 3222 697 3285 cumulat
712 3223 931 3306 precipicium.

200 3357 346 3422 (a)1stum
368 3357 529 3408 omiserunt
550 3371 667 3408 versum
683 3356 795 3424 priores
812 3357 947 3426 editores.
965 3384 993 3396 -
1010 3359 1123 3424 (b)Leg.
1141 3364 1183 3411 tu·

169 3436 279 3488 bulata.
296 3463 325 3474 —
338 3437 372 3502 (c)
388 3437 495 3488 Fremit
508 3439 550 3499 (Ι).
563 3438 617 3500 D.).
635 3465 664 3479 -
679 3438 717 3500 (d)
733 3437 815 3490 ldem
829 3439 864 3490 de
878 3440 936 3490 isto
953 3438 1181 3506 archiepiscopo,

168 3517 287 3570 nomine
300 3517 434 3580 Ricardo,
450 3522 593 3569 memoret
608 3519 772 3571 Holinshed
789 3519 974 3586 (Chronicies,
989 3523 1058 3572 tom.
1076 3520 1110 3581 ll,
1127 3520 1182 3571 sub

138 3619 141 3624 ·
167 3591 618 3662 ann01173).Gervasiuscontra
633 3599 1014 3659 monachuscantuariensis,
1029 3599 1182 3665 magnifice

168 3678 272 3730 laudat
285 3678 453 3737 Ricardum,
475 3678 544 3729 dum
569 3678 606 3729 de
628 3680 774 3732 Balduino
793 3681 883 3732 dicit:
901 3701 915 3726 α
934 3682 1006 3733 Cum
1021 3681 1097 3732 facta
1113 3680 1181 3730 Bel-

169 3758 276 3811 dewini
288 3758 383 3819 video,
396 3774 455 3809 non
468 3757 645 3821 bonavideo,
656 3777 715 3812 non
730 3761 807 3822 bone
817 3762 868 3812 sed
878 3761 954 3813 mela
973 3761 1065 3814 multe
1079 3761 1183 3812 referre

170 3840 328 3983 εοίῐιρὲΙἹΙξῖ
343 3839 464 3891 invitus.
485 3859 499 3886 ι»
514 3840 634 3902 (Histor.
652 3842 762 3908 Anpiic.
783 3843 918 3909 Scriptor.
935 3843 972 3904 X,
988 3840 1092 3904 Lond,
1110 3843 1179 3902 1652.

171 3921 259 3969 co.1
307 3958 313 3969 .
