2678 4718
601 336 746 387 ..20-

158 486 288 553 erant.
329 478 460 553 Rudis
498 483 638 553 autem
676 485 800 577 atque
847 478 1013 552 indocta
1055 474 1168 574 plebs

157 614 341 710 ignotam
371 614 498 702 illam,
520 636 672 687 vanam
698 619 740 687 et
763 613 954 687 inutilem
982 611 1168 710 priorum

158 748 376 844 spernebat
391 747 552 823 dicendi
573 746 813 821 facultatem
834 770 933 845 :pro
948 745 1094 843 sigillis
1108 745 1171 817 in·

157 883 321 955 terdum
354 883 537 981 gladium
571 880 750 955 habebat
781 906 905 981 eques
936 903 1172 978 nomenque

158 1039 281 1089 suum
297 1016 482 1091 eamdem
498 1018 612 1092 illam
627 1039 798 1090 manum
812 1015 985 1121 scribere
1000 1012 1170 1087 nolebat

157 1176 250 1250 quae
270 1152 322 1225 ad
342 1153 544 1226 nobiliora
564 1152 658 1227 belli
678 1150 873 1236 facinora,
900 1149 952 1224 ab
974 1150 1064 1248 ipso
1084 1149 1172 1221 Deo

158 1286 359 1360 instructa
392 1265 626 1386 ‘parataque
664 1287 884 1360 videretur.
926 1285 1008 1377 Qui
1045 1285 1175 1382 igitur

158 1421 282 1515 primi
302 1420 588 1495 liberalissima
608 1421 746 1497 studia
770 1443 982 1494 exercuere
1006 1419 1170 1516 politio·

157 1555 273 1651 rique
285 1558 468 1629 carmina
483 1557 654 1631 condere
665 1556 772 1654 stylo
785 1560 1064 1640 tentaverunt,
1080 1576 1171 1626 ma·

158 1690 308 1788 gistros
326 1691 561 1765 habuerunt
582 1693 817 1776 monachos,
836 1698 888 1777 et,
912 1689 963 1763 ab
977 1691 1041 1774 iis,
1059 1687 1175 1787 quod

158 1831 252 1897 tum
270 1848 396 1924 prope
409 1825 728 1915 fundamentum
744 1832 831 1899 erat
845 1832 886 1899 et
905 1825 1174 1899 scientiarum

159 1966 199 2033 et
217 1960 449 2034 litterarum
487 1968 527 2034 et
543 1962 697 2035 artium
713 1969 753 2036 et
773 1960 1059 2058 philosophiae,
1079 1959 1176 2032 lati·

159 2118 257 2167 nam
273 2096 427 2169 scilicet
446 2096 645 2193 linguam,
668 2096 914 2171 didicerunt.
933 2094 1045 2187 Quid
1060 2093 1176 2167 enim

158 2229 307 2302 humili
324 2231 566 2328 vulgarique
586 2231 715 2327 plebis
736 2254 921 2306 sermone
941 2232 1006 2303 usi
1033 2210 1175 2303 essent

159 2364 332 2461 quirem
352 2387 545 2462 magnam
567 2367 846 2463 memoriaque
866 2364 1173 2462 dignissimam,

73 2568 75 2572 .
159 2505 344 2573 veterum
375 2500 427 2572 ad
455 2501 677 2597 exemplar,
709 2500 833 2573 modo
861 2500 1050 2598 antiqu0,
1092 2498 1198 2573 sibi*

158 2634 374 2707 dicendam
389 2633 713 2733 proposuerant?
728 2636 876 2709 Nonne
890 2636 954 2720 iia,
977 2635 1049 2733 qui
1069 2633 1174 2709 tales

159 2793 205 2842 ac
219 2774 358 2842 tantos
374 2769 635 2843 celebrandos
646 2769 855 2843 habebant
866 2771 990 2856 viros,
1001 2769 1173 2868 quique,

159 2904 291 2978 multo
329 2927 423 2980 cum
462 2904 623 2988 sudore,
645 2906 916 3003 antiquorum
953 2910 1173 3002 poetarum

160 3037 248 3138 (aut
259 3039 482 3136 aequalium
493 3039 631 3137 potius
647 3037 949 3136 theologorum)
959 3037 1084 3112 verba
1094 3038 1175 3113 sibi

161 3174 326 3271 propria
340 3174 533 3259 fecerant,
548 3175 770 3262 rudiorem,
780 3173 949 3272 profani
958 3173 1076 3273 vulgi
1090 3198 1176 3248 ser-

161 3290 326 3381 monem
347 3314 536 3406 reputare
559 3306 719 3381 licebat.
744 3306 867 3399 Quod
887 3310 922 3381 si
940 3333 1050 3394 vero,
1072 3309 1176 3382 viles

162 3441 320 3516 dicendi
342 3443 502 3528 modos,
533 3448 576 3514 at
605 3446 712 3514 certe
741 3465 825 3514 non
857 3441 1104 3543 «ampullas
1140 3452 1178 3516 et

161 3576 458 3677 sesquipedalia
494 3575 617 3648 verba
645 3603 663 3645 r>
702 3577 977 3674 projecerunt3
1007 3577 1090 3662 sed,
1125 3578 1178 3652 ad

164 3735 375 3785 summum
409 3710 666 3808 eloquentiae,
708 3735 790 3808 quo
824 3713 1021 3809 rapidiori
1049 3735 1179 3808 passu

160 3869 326 3944 pergere
353 3843 569 3943 optabant,
598 3869 644 3918 eo
674 3847 804 3944 magis
831 3847 1002 3945 grandia
1036 3848 1180 3947 loque·
