2678 4718
720 344 866 397 ..80-

334 484 496 558 Daretis
514 485 685 584 Phrygii
704 487 926 560 Poetarum
941 493 981 561 et
1000 488 1307 562 Historicorum

283 619 473 692 omnium
494 620 618 716 primi
638 620 688 693 de
720 621 835 695 Bello
854 621 1034 720 Trojano
1058 622 1154 696 libri
1174 645 1264 710 sex,
1283 646 1309 695 a

282 749 469 826 Cornelio
483 753 642 850 Nepote
664 754 793 828 latino
819 757 1002 829 carmine
1017 756 1176 832 donati.
1193 758 1310 832 Ant-

218 864 231 890 *
288 883 451 984 accpiter,
469 885 580 973 1608,
600 887 653 962 80.

326 1074 496 1171 Josephi
550 1077 697 1163 Iscani,
731 1084 864 1175 poetae
911 1078 1209 1177 elegantissimi
1233 1042 1309 1156 ¹de

231 1221 236 1231 '
277 1208 392 1282 Bello
426 1209 605 1307 Trojano
634 1209 727 1285 libri
760 1235 845 1298 seu,
882 1213 1084 1287 hactenus
1119 1213 1308 1288 Cornelii

277 1343 451 1439 Nepotis
472 1347 639 1419 nomine
658 1347 877 1444 aliquoties
897 1333 1012 1432 editi,
1031 1371 1141 1421 nunc
1157 1352 1300 1422 autori

274 1480 456 1553 restituti
494 1489 533 1553 et
580 1483 691 1554 notis
733 1482 925 1580 explicati
931 1535 1004 1557 .....
1041 1506 1065 1555 a
1100 1483 1299 1557 Samuele

272 1615 484 1688 Dresemio
513 1616 767 1691 Dithmarso.
797 1616 1077 1715 Francofarti,
1107 1617 1221 1705 1620,
1244 1619 1301 1694 4⁰.

324 1835 486 1908 Daretis
506 1835 678 1933 Phrygii
698 1842 915 1931 poetarum
934 1840 976 1907 et
994 1835 1246 1909 historicoru
1258 1861 1301 1910 m

275 1969 465 2041 omnium
487 1969 611 2065 primi
632 1967 680 2040 de
706 1967 821 2041 Bello
845 1968 1025 2066 Trojano
1045 1967 1137 2041 libri
1161 1971 1219 2044 VI
1238 1972 1301 2043 la-

273 2105 363 2177 tino
392 2105 572 2176 carmine
601 2127 625 2175 a
654 2101 833 2199 Josepho
864 2104 1088 2177 Exoniensi
1126 2105 1297 2189 redditi,

274 2239 471 2334 recogniti
499 2261 545 2310 ac
565 2238 771 2312 emendati
787 2261 884 2311 cura
898 2245 939 2313 et
958 2217 1097 2313 studio
1111 2239 1150 2312 J.
1169 2239 1295 2325 Mori,

278 2370 468 2460 londini,
486 2370 596 2458 1675,
612 2372 665 2446 80.

323 2599 467 2697 Dictys
505 2598 710 2672 Cretensis
748 2604 788 2670 et
826 2597 954 2673 Dares
990 2596 1200 2695 Phrygius
1243 2599 1294 2672 de

273 2734 387 2808 Bello
402 2740 442 2807 et
462 2732 631 2806 Excidio
651 2733 798 2830 Trojae‚
820 2733 865 2804 in
886 2755 1009 2807 usum
1033 2733 1292 2808 serenissimi

275 2867 483 2963 Delphini,
516 2890 612 2940 cum
639 2867 979 2964 interpretatione
1005 2867 1141 2939 Annae
1168 2867 1295 2940 Dace·

274 2995 361 3068 riae.
391 2992 605 3068 Accedunt
638 2992 682 3065 in
714 2992 791 3064 hac
819 3015 928 3065 nova
965 2991 1144 3065 editione
1180 3000 1293 3066 notae

277 3129 486 3204 variorum
530 3129 726 3223 integrae3
755 3149 914 3200 necnon
949 3127 1155 3223 Josephus
1187 3129 1294 3201 Isca-

275 3285 466 3337 nuscum
479 3263 591 3336 notis
603 3262 714 3336 Sam.
732 3261 945 3335 Dresemii.
962 3259 1290 3350 Amsteloedami‚

275 3397 385 3486 1702,
403 3399 455 3473 80.

323 3570 467 3667 Dictys
480 3569 686 3644 Cretensis
697 3575 738 3642 et
752 3569 879 3642 Dares
894 3568 1103 3667 Phrygius
1112 3568 1162 3643 de
1172 3568 1290 3642 Bello

274 3704 468 3802 Trojano,
485 3728 535 3778 ex
549 3705 729 3779 editione
745 3703 857 3777 Sam.
874 3703 1087 3801 Artopoei‚
1106 3726 1203 3777 cum
1219 3727 1291 3776 no·

210 3895 216 3905 .
276 3840 331 3910 tis
351 3838 748 3935 et'interpretatione
779 3839 823 3910 in
852 3860 976 3912 usum
1011 3838 1206 3935 Delphini
1211 3891 1287 3914 .....
