2678 4718
614 341 755 393 ..93-

177 477 265 542 cimo
280 480 407 542 soeculo
420 481 645 562 conscriptas,
662 481 703 543 de
722 482 791 544 isto
805 484 966 544 carmine.
992 481 1096 544 Notae
1122 478 1190 541 illae

176 596 283 659 verba
297 600 332 659 et
346 597 541 661 sententias
557 617 636 680 quae
662 595 833 660 difficilius
854 596 1061 680 intelligeret
1082 595 1191 659 lector

175 710 350 794 explicant
363 718 398 776 et
410 711 560 795 plurima
582 717 856 796 interpretantur
870 732 891 775 a
905 713 926 775 J
929 713 1061 795 osepho
1083 711 1189 788 dicta,

175 847 255 910 quae
278 828 313 890 in
340 828 451 911 ipsius
477 835 617 912 tempus
644 828 764 892 cadere
791 828 965 892 videntur.
996 829 1085 905 Quae
1118 848 1189 891 non
1261 808 1263 812 Α

173 942 278 1008 modo
299 944 394 1026 typis
416 948 596 1028 nunquam
619 945 784 1008 mandata
807 923 958 1020 fuerunt,
991 944 1053 1008 sed
1085 944 1187 1008 etiam

173 1061 331 1144 ignorata
354 1067 436 1124 sunt
455 1063 498 1124 ab
519 1065 692 1151 universis
706 1060 868 1124 omnibus
887 1059 1113 1143 scriptoribus
1128 1062 1187 1144 qui

173 1176 214 1240 de
237 1178 391 1260 Josepho
404 1169 515 1242 locuti
526 1183 608 1241 sunt
624 1201 631 1240 :
647 1197 754 1260 quare
775 1178 888 1261 primo
910 1177 996 1239 libro
1022 1177 1187 1241 carminis

120 1326 122 1330 Α
173 1291 215 1356 de
237 1293 333 1356 Bello
361 1293 525 1377 Trojano,
556 1294 698 1357 notulas
727 1294 857 1378 subjeci
886 1314 966 1377 quae
997 1294 1034 1357 in
1062 1314 1188 1358 versus

167 1409 250 1473 'illos
266 1415 347 1493 apte
373 1410 503 1475 cadunt
526 1417 562 1474 et
585 1430 716 1495 paucas
740 1414 880 1474 tantum
907 1410 1009 1474 omisi
1026 1409 1187 1474 facillime

171 1525 393 1609 intelligenda
420 1528 539 1600 verba,
568 1527 642 1590 sine
669 1525 833 1605 utilitate,
855 1531 1069 1590 excutentes.
1089 1526 1187 1589 Titu-

170 1641 242 1705 lum
256 1643 398 1722 habent,
420 1647 456 1706 iu
470 1643 596 1720 codice,
615 1642 748 1707 notulae
772 1644 850 1706 istae
870 1665 877 1705 :
902 1671 916 1699 α
944 1642 1076 1726 Incipit
1090 1662 1185 1706 com-

169 1764 328 1822 mentum
349 1780 451 1842 super
477 1759 597 1822 darete
620 1758 761 1842 fri9i0¹;
778 1785 792 1814 a
814 1762 849 1821 et
869 1757 906 1820 in
926 1758 994 1820 fine
1016 1757 1145 1841 legitur
1175 1780 1181 1819 :

170 1903 185 1931 α
207 1874 417 1961 Expliciunt
444 1873 564 1938 notula
584 1874 720 1958 phripii
745 1873 878 1937 daretis
900 1871 1040 1956 yliados
1062 1879 1097 1936 et
1124 1873 1183 1938 hec

166 1991 359 2076 sufficiant.
377 2019 392 2046 »
410 1991 651 2054 lnscribuntur
662 1992 698 2052 in
717 1989 876 2072 catalogo
887 1989 1042 2053 codicum
1058 2008 1183 2055 manu·

167 2108 376 2192 scriptorum
396 2100 404 2168 ¹:
424 2107 584 2171 «Notule
605 2105 749 2188 Phripii
769 2105 913 2169 Daretis
930 2103 1074 2169 Iliados.
1094 2112 1128 2160 i*

206 2224 406 2307 Nusquam,
425 2224 460 2284 in
477 2223 542 2294 hir,
557 2224 710 2284 auctoris
720 2240 847 2284 nomen
862 2219 948 2284 mihi
962 2224 1128 2296 occurrit;
1145 2227 1182 2287 at

165 2338 359 2422 Josephum
374 2339 489 2422 ipsum
509 2338 798 2402 commentarium
817 2338 925 2400 istum
944 2339 1182 2420 composuisse

164 2457 205 2518 de
227 2463 388 2538 poemate
413 2474 477 2517 suo
502 2453 603 2516 facile
625 2451 811 2515 crederem.
832 2451 961 2515 Iisdem
985 2453 1076 2516 enim
1103 2459 1180 2517 stu-

164 2572 243 2647 diis,
259 2572 386 2655 quibus
404 2569 498 2633 dedit
511 2589 651 2651 operam
674 2568 865 2650 Josephus‚
890 2567 1029 2632 videtur
1056 2574 1180 2634 auctor

162 2687 269 2771 hujus
295 2689 414 2770 scripti
441 2685 636 2768 indulgere3
667 2684 764 2748 illum
787 2687 939 2748 maxime
962 2684 1090 2771 juvant
1118 2688 1178 2750 de·

163 2810 257 2868 creta
282 2804 571 2888 philosophorum
592 2803 786 2887 placitaque
811 2803 984 2889 majorum
1000 2806 1088 2888 (quae
1111 2826 1177 2869 nu-

161 2941 298 3003 merosa
315 2922 351 2983 in
377 2923 527 2985 carmine
541 2921 582 2983 de
597 2920 695 2984 Bello
709 2921 861 3004 Trojano
879 2921 1052 3005 reperies),
1069 2943 1177 3008 eaque

161 3039 319 3122 pluribus
333 3036 449 3102 verbis
462 3056 599 3119 semper
613 3036 764 3101 disserit.
785 3038 903 3116 Quum
916 3038 958 3101 de
974 3039 1098 3111 Iscano
1122 3042 1175 3105 lo-

161 3153 291 3238 quitur,
310 3182 325 3211 a
342 3160 467 3218 auctor
481 3156 543 3216 aut
555 3152 708 3237 scriptor
719 3153 804 3217 talia
820 3154 953 3219 fecit...’
974 3184 985 3211 ι
1002 3155 1084 3220 dicit
1106 3156 1174 3232 ille,

160 3290 231 3334 non
244 3272 356 3353 prima
368 3271 528 3355 persona,
544 3269 666 3346 fateor,
693 3289 798 3352 usus3
827 3271 889 3335 sed
905 3271 1104 3358 frequenter
1132 3274 1173 3338 de

191 3559 200 3591 ¹
217 3555 242 3605 T
244 3555 349 3606 itulum
366 3555 455 3604 istum
470 3567 529 3603 non
544 3552 644 3602 eadem
654 3568 760 3606 manus
769 3571 835 3622 quaa
849 3563 934 3609 notas
948 3560 1037 3625 ipsas,
1048 3562 1171 3628 scripsit.

189 3642 201 3674 2
217 3658 230 3683 α
245 3635 394 3687 Presentis
407 3634 496 3700 igitur
512 3633 636 3700 scriptor
648 3635 845 3688 uoluminis...
860 3659 875 3684 »
890 3641 932 3699 (In
944 3641 1043 3693 codice
1057 3646 1172 3696 notula-

156 3733 231 3779 rum,
253 3734 319 3785 pag.
345 3720 370 3782 l,
396 3718 500 3768 colum.
525 3717 561 3781 1.)
582 3735 596 3760 <t
618 3716 753 3770 Praesens
775 3718 911 3769 volumen
932 3742 947 3766 s
977 3727 1021 3775 est
1050 3725 1171 3792 Josephi

157 3811 268 3861 poema.
