2678 4718
501 310 644 362 ..21-

61 450 212 527 ban-tur
224 458 265 524 et
284 474 352 523 ore
368 450 490 546 pleuo
505 449 697 523 verbosas
714 449 940 522 sententias
957 450 1075 522 emit·

56 585 218 661 tebant.

107 720 284 795 Mutatis
310 731 455 793 verum
479 718 750 816 temporibus
772 719 992 805 Ciceronis,
1010 718 1077 791 vel

55 857 186 931 etiam
209 856 374 928 Boethii
405 878 525 929 voces
554 855 758 951 paulatim
791 853 844 927 ab
880 851 1076 927 omnibus

55 990 258 1087 ignoratae
282 988 467 1075 fuerunt;
484 995 525 1062 et
540 990 679 1075 simul,
708 1012 791 1061 non
810 1011 836 1061 a
859 988 1075 1062 monachis

55 1129 241 1208 tantum,
263 1122 334 1195 sed
353 1146 378 1196 a
397 1121 606 1231 nobilibus
621 1124 864 1220 praesertim,
885 1146 909 1195 a
924 1120 1077 1222 quibus

56 1264 103 1332 et
138 1257 377 1355 praesidium
410 1264 452 1332 et
484 1256 606 1332 decus
640 1263 683 1332 et
719 1280 870 1353 panem
896 1259 1076 1353 accipere

56 1393 307 1490 potuissent,
336 1393 510 1490 intelligi
537 1394 757 1491 cupierunt
784 1399 931 1488 poetae.
958 1393 1076 1467 Faci-

59 1526 152 1600 liori
184 1527 323 1624 itaque
373 1527 559 1600 omniurn
615 1550 803 1600 sermone
851 1531 915 1601 usi
960 1534 1075 1613 sunt,

60 1659 364 1758 plaudenteque
380 1660 511 1758 plebe,
528 1660 750 1757 plaudente
779 1663 931 1758 equite,
963 1648 1079 1760 plau·

60 1792 257 1868 dentibus
284 1818 410 1892 prope
437 1795 647 1879 omnibus,
665 1796 777 1868 haud
803 1820 918 1869 secus
951 1801 1077 1893 atque
1112 1818 1114 1824 ·

63 1899 185 2016 Galli,
203 1930 398 2003 Germani
409 1929 474 2002 vel
487 1929 613 2027 Angli
629 1931 736 2005 cives
748 1931 811 2004 sui
825 1931 952 2004 locuti
965 1937 1078 2016 sunt,

61 2071 105 2137 et
123 2036 255 2160 aquas
272 2063 443 2139 tandem
470 2063 671 2137 bibendas
691 2064 973 2162 praebuerunt,
988 2089 1081 2162 quae

60 2221 234 2305 neque«
261 2196 399 2273 Groeco
425 2199 538 2298 sonte
564 2197 790 2278 ceciderint,
816 2226 834 2270 >r
856 2189 989 2298 neque
1021 2199 1080 2271 la·

60 2333 168 2407 tino.
187 2332 308 2407 Nova
326 2356 421 2407 vero
450 2334 680 2419 molientes
704 2342 752 2408 ut
781 2336 896 2422 solet,
919 2357 1081 2432 spreve-

61 2475 163 2542 runt
200 2465 398 2566 primum,
424 2466 572 2540 dehinc
609 2468 763 2542 imitati
798 2474 912 2553 sunt,
946 2491 1077 2565 neque

64 2603 225 2699 optimo
236 2602 307 2676 illo
317 2602 519 2700 Dionysio
530 2603 725 2700 Pyram0‚
742 2603 814 2700 qui
829 2608 916 2675 tam
931 2601 1078 2698 lepide,

66 2738 222 2812 Gallico
254 2760 456 2822 sermone,
490 2735 539 2809 de
576 2738 864 2836 Parthonopeo
898 2737 1083 2810 Blesensi

68 2871 246 2968 scripsit,
262 2871 439 2968 contigit
456 2871 787 2970 vituperantium
803 2876 924 2945 notas
938 2871 1083 2955 vitare,

68 3004 183 3104 quod
197 3005 284 3102 ipse
300 3011 504 3078 memorat
526 3029 536 3076 ε

143 3291 146 3296 .
193 3255 207 3284 α
225 3226 276 3291 Cil
292 3227 379 3291 clerc
395 3226 490 3292 dient
507 3246 574 3313 que
589 3230 678 3293 n'est
692 3249 757 3312 pas
773 3249 853 3292 sens

192 3324 392 3402 Qu'escrive
407 3326 533 3390 estoire
552 3326 676 3391 d'antil
686 3331 765 3391 tens

194 3424 313 3502 Quant
323 3424 359 3510 je
380 3444 443 3489 nes
461 3428 566 3490 escrit
583 3445 626 3488 en
640 3423 726 3489 latin

192 3521 238 3586 Et
256 3541 324 3606 que
332 3522 368 3607 je
381 3542 461 3606 perc
472 3541 554 3587 mon
567 3527 649 3590 tans
665 3525 785 3586 entinl.
804 3552 817 3578 2>

92 3746 337 3878 dthurtouopeus
364 3748 399 3802 de
412 3737 503 3803 Bloia.
533 3704 657 3802 Lutetiae
681 3749 818 3806 Parisios.
849 3750 919 3812 1834,
947 3749 1077 3816 Crapelet

74 3842 120 3879 er
144 3866 150 3878 .
