2678 4718
650 310 757 406 '3¹²⁶
776 337 812 348 -

227 483 435 549 Excusanda
457 485 534 563 fuit,
551 505 595 549 an
612 490 646 549 et
660 486 726 549 hos
751 488 891 570 impune
906 485 1040 548 furores

227 602 331 666 Ferre
345 603 463 667 iuuat?
482 603 609 668 misero
622 603 816 686 completus
832 605 1000 686 sanguine
1012 606 1143 684 pontus

228 718 389 803 Spumat,
406 726 440 783 et
458 721 656 784 inmensum
678 718 791 783 fumat
806 738 912 796 mare,
936 719 1012 782 silla
1031 717 1185 782 caribdin

227 837 377 916 Excitat,
395 843 428 901 et
444 840 575 901 nostris
594 812 996 921 pinguescunt'monstra
1010 834 1122 898 ruinis

228 953 266 1016 Si
281 930 437 1018 neutros¹
458 973 643 1037 superesse
660 958 786 1027 ratum,
815 956 845 1015 si
859 951 969 1016 iudice
985 969 1090 1015 causa
1109 955 1150 1032 (α)

227 1071 360 1136 Elicitis
378 1092 509 1155 penas:
529 1071 649 1156 frigios
661 1073 811 1154 periuria
824 1074 982 1153 mergent

229 1188 437 1272 Exemplum
453 1186 622 1252 scelestis'
643 1187 684 1269 (b)
705 1187 847 1265 danaos
868 1205 936 1270 que
961 1188 1030 1249 iam
1046 1205 1144 1250 mora
1166 1205 1247 1270 seg-

1176 1302 1190 1347 ‘r

230 1386 394 1451 Pronius³
409 1387 444 1449 in
458 1386 591 1451 facinus
610 1386 719 1450 tardis
734 1385 907 1450 ultoribus
928 1387 999 1448 itur
1093 1304 1187 1383 [nes.
1208 1305 1245 1383 (c)

308 1503 430 1566 Ardua
449 1504 518 1566 iam
533 1502 679 1586 trepidis
700 1521 880 1566 murorum
897 1503 998 1585 septa
1013 1499 1164 1565 cateruis

229 1619 251 1682 J
253 1619 336 1683 liace
351 1624 483 1683 trasere
498 1639 624 1683 manus
638 1623 711 1683 stat
724 1619 879 1682 dardana
893 1619 1003 1702 pubes

231 1734 301 1797 Pro
313 1734 440 1818 iugulis
454 1739 590 1799 armata
612 1738 698 1812 suis,
718 1755 781 1799 nec
798 1737 890 1799 enim
904 1733 1023 1799 inuida
1038 1733 1134 1818 regni

229 1852 373 1949 dnbicio
395 1852 499 1917 ludit‘
515 1871 660 1937 pugnus,
681 1857 735 1915 set
750 1856 784 1915 et
799 1854 849 1914 ira
866 1850 959 1914 mine
977 1869 1044 1934 que

233 1968 278 2030 Et
293 1969 520 2033 non'extorti⁵
534 1989 597 2053 per
616 1969 762 2034 uulnera
780 1969 886 2033 cruda
903 1968 1038 2032 furores

232 2085 328 2148 Bella
344 2088 454 2148 scient
468 2086 524 2166 (d),
541 2085 710 2149 hincinde
725 2085 813 2149 odiis
831 2087 1011 2149 flammata
1023 2086 1184 2168 superbis

228 2202 369 2266 Primus
386 2202 420 2264 in
435 2202 614 2266 aduersos
628 2201 754 2265 librata
770 2205 803 2282 le)
820 2201 941 2286 cupide
956 2203 997 2287 (f)
1019 2222 1141 2266 muros

227 2319 381 2402 Torquet
395 2319 666 2403 equum-peleus,
682 2319 860 2402 fractaque
875 2319 1073 2383 accenditur
1089 2319 1140 2383 ira
1154 2320 1200 2403 (9)

269 2508 413 2590 ¹Gregos
435 2518 465 2571 et
487 2509 697 2572 troianos-
716 2514 727 2545 ²
750 2509 814 2591 Ipsi
842 2509 927 2571 enim
955 2509 1061 2592 primo
1081 2527 1182 2571 naues
1210 2509 1245 2571 in

226 2626 321 2669 usum
339 2609 437 2690 prede
459 2616 490 2669 et
512 2607 589 2669 belli
613 2616 863 2691 assumpserunt,
887 2609 984 2691 prede
1006 2627 1063 2690 per
1085 2608 1243 2681 iasonem,

227 2705 306 2767 belli
327 2726 385 2788 per
406 2706 581 2780 herculem,
606 2716 637 2769 et
665 2707 710 2770 sie
739 2705 812 2788 alijs
828 2707 860 2767 in
877 2707 962 2768 idern
983 2705 1167 2788 exemplum
1188 2707 1246 2769 de-

227 2803 312 2865 dere.
329 2839 369 2850 -
384 2808 395 2840 ³
413 2803 493 2877 Quia
508 2823 547 2866 ex
562 2823 627 2886 quo
641 2813 807 2888 peecatum
823 2806 966 2887 sequitur
980 2804 1155 2887 impunitas
1169 2824 1245 2888 pec-

227 2901 319 2962 candi
349 2901 517 2963 roboratur
537 2902 700 2964 uoluntas.
723 2939 763 2948 -
789 2907 801 2940 ⁴
821 2903 880 2977 Qui
903 2903 988 2965 enim
1018 2921 1081 2965 non
1110 2910 1245 2986 propter

227 2998 393 3073 iniuriam,
425 3009 471 3062 set
499 3003 630 3082 propter
658 3000 804 3082 gloriam,
828 3001 881 3064 uel
905 3001 995 3082 regni
1032 3001 1244 3063 ambitionem

226 3096 380 3159 dimicant
409 3098 571 3160 remissius
587 3098 776 3180 preliantur.
792 3136 833 3146 —
847 3105 858 3136 ⁵
873 3100 924 3162 Sio
939 3099 1095 3179 contingit
1111 3101 1243 3180 quando

226 3196 350 3275 pugiles
371 3195 576 3277 conduotrieij
595 3197 627 3258 in
647 3217 789 3279 pugnam
804 3200 1035 3282 producuntur,
1053 3216 1116 3260 non
1133 3198 1240 3280 primo

227 3312 293 3356 sese
301 3295 375 3357 odio
389 3295 510 3358 liabent
525 3312 598 3356 oum
613 3295 747 3358 uulnera
755 3297 898 3372 tulerint,
909 3298 993 3359 unde
1008 3298 1052 3358 lu.
1065 3297 1242 3379 productos
1283 3325 1286 3329 ·

226 3392 320 3455 odere
341 3413 446 3476 pares,
462 3393 509 3454 hii
538 3401 646 3455 autern
667 3395 763 3456 etiam
780 3404 853 3458 ante
875 3414 1079 3476 congressum
1101 3394 1241 3479 capitale

225 3492 416 3554 tenebantur
437 3490 616 3566 inimicitia,
639 3493 724 3556 unde
750 3494 856 3557 subdit
877 3495 1077 3577 flammato,
1101 3502 1161 3556 etc.
1259 3497 1273 3562 ’.

256 3696 293 3757 (α)
307 3693 398 3744 Poeua
415 3694 463 3760 (D.
476 3696 531 3760 D.).
549 3723 577 3738 -a
599 3695 637 3758 (b)
653 3695 775 3746 Sceleris
797 3698 839 3758 (D.
858 3698 911 3759 D.).
928 3724 958 3735 -
981 3701 1014 3760 (c)
1030 3699 1169 3765 lnsegnes
1192 3698 1236 3760 (l).

224 3773 279 3836 D.).
298 3801 328 3812 -
345 3775 383 3837 (d)
400 3776 465 3841 Leg.
483 3777 565 3826 cient.
586 3801 616 3814 -
642 3779 674 3838 (e)
694 3777 817 3828 Vibrata
835 3778 877 3838 (D.
895 3778 948 3839 D.).
968 3805 998 3818 -
1025 3778 1059 3845 (t)
1087 3778 1155 3844 Leg.
1174 3793 1239 3829 cus·

223 3853 298 3918 pide.
317 3882 343 3893 —
361 3858 398 3920 (p)
415 3857 507 3906 Hasta
524 3858 566 3917 (D.
584 3858 639 3919 D.).
1033 3856 1035 3861 ’
