<?xml version="1.0" encoding="UTF-8"?>
<!DOCTYPE html PUBLIC "-//W3C//DTD XHTML 1.0 Transitional//EN"
    "http://www.w3.org/TR/xhtml1/DTD/xhtml1-transitional.dtd">
<html xmlns="http://www.w3.org/1999/xhtml" xml:lang="en" lang="en">
 <head>
  <title>
</title>
<meta http-equiv="Content-Type" content="text/html;charset=utf-8" />
  <meta name='ocr-system' content='tesseract 3.04.00' />
  <meta name='ocr-capabilities' content='ocr_page ocr_carea ocr_par ocr_line ocrx_word'/>
</head>
<body>
  <div class='ocr_page' id='page_1' title='image "./dejosephoexonie00jussgoog_0110.png"; bbox 0 0 2678 4718; ppageno 0'>
   <div class='ocr_carea' id='block_1_1' title="bbox 582 338 743 428">
    <p class='ocr_par' dir='ltr' id='par_1_1' title="bbox 582 338 743 428">
     <span class='ocr_line' id='line_1_1' title="bbox 582 338 743 428; baseline 0.025 -3"><span class='ocrx_word' id='word_1_1' title='bbox 582 338 743 428; x_wconf 55' lang='lat' dir='ltr'><strong>-coa&#39;-</strong></span> 
     </span>
    </p>
   </div>
   <div class='ocr_carea' id='block_1_2' title="bbox 100 483 1205 1862">
    <p class='ocr_par' dir='ltr' id='par_1_2' title="bbox 157 483 1158 722">
     <span class='ocr_line' id='line_1_2' title="bbox 157 483 1158 598; baseline 0.005 -26"><span class='ocrx_word' id='word_1_2' title='bbox 157 506 323 575; x_wconf 77' lang='lat' dir='ltr'><strong>iliadum¹</strong></span> <span class='ocrx_word' id='word_1_3' title='bbox 338 511 498 573; x_wconf 80' lang='lat' dir='ltr'>lacrimas</span> <span class='ocrx_word' id='word_1_4' title='bbox 511 528 744 596; x_wconf 87' lang='lat' dir='ltr'><strong>concessaque</strong></span> <span class='ocrx_word' id='word_1_5' title='bbox 759 530 922 598; x_wconf 85' lang='lat' dir='ltr'><strong>pergama</strong></span> <span class='ocrx_word' id='word_1_6' title='bbox 936 483 1032 578; x_wconf 78' lang='lat' dir='ltr'><strong>latis</strong></span> <span class='ocrx_word' id='word_1_7' title='bbox 1112 497 1114 501; x_wconf 37' lang='lat'>¹</span> <span class='ocrx_word' id='word_1_8' title='bbox 1154 528 1158 534; x_wconf 78' lang='grc'><strong>’</strong></span> 
     </span>
     <span class='ocr_line' id='line_1_3' title="bbox 157 618 1071 722; baseline 0.004 -34"><span class='ocrx_word' id='word_1_9' title='bbox 157 625 272 690; x_wconf 87' lang='lat' dir='ltr'><strong>Prelia</strong></span> <span class='ocrx_word' id='word_1_10' title='bbox 288 627 369 689; x_wconf 89' lang='lat' dir='ltr'><strong>bina</strong></span> <span class='ocrx_word' id='word_1_11' title='bbox 381 626 520 691; x_wconf 89' lang='lat' dir='ltr'><strong>ducum¹</strong></span> <span class='ocrx_word' id='word_1_12' title='bbox 533 629 587 693; x_wconf 89' lang='lat' dir='ltr'><strong>bis</strong></span> <span class='ocrx_word' id='word_1_13' title='bbox 605 628 765 722; x_wconf 87' lang='lat' dir='ltr'><strong>adactam</strong></span> <span class='ocrx_word' id='word_1_14' title='bbox 781 628 936 693; x_wconf 84' lang='lat' dir='ltr'>cladibus</span> <span class='ocrx_word' id='word_1_15' title='bbox 950 618 1071 694; x_wconf 86' lang='lat' dir='ltr'><strong>urbem</strong></span> 
     </span>
    </p>

    <p class='ocr_par' dir='ltr' id='par_1_3' title="bbox 156 721 1205 1415">
     <span class='ocr_line' id='line_1_4' title="bbox 156 721 1205 830; baseline 0.005 -24"><span class='ocrx_word' id='word_1_16' title='bbox 156 743 203 807; x_wconf 79' lang='lat' dir='ltr'><strong>Jn</strong></span> <span class='ocrx_word' id='word_1_17' title='bbox 215 742 347 807; x_wconf 87' lang='lat' dir='ltr'><strong>cineres</strong></span> <span class='ocrx_word' id='word_1_18' title='bbox 359 747 536 828; x_wconf 89' lang='lat' dir='ltr'><strong>querimur</strong></span> <span class='ocrx_word' id='word_1_19' title='bbox 549 745 742 830; x_wconf 82' lang='lat' dir='ltr'><strong>nemusque</strong></span> <span class='ocrx_word' id='word_1_20' title='bbox 754 746 847 830; x_wconf 86' lang='lat' dir='ltr'><strong>quod</strong></span> <span class='ocrx_word' id='word_1_21' title='bbox 861 745 1071 810; x_wconf 85' lang='lat' dir='ltr'><strong>herculisira</strong></span> <span class='ocrx_word' id='word_1_22' title='bbox 1145 824 1149 829; x_wconf 23' lang='lat'>⁵</span> <span class='ocrx_word' id='word_1_23' title='bbox 1201 721 1205 729; x_wconf 24' lang='grc' dir='ltr'>Ι</span> 
     </span>
     <span class='ocr_line' id='line_1_5' title="bbox 159 858 1010 947; baseline 0.006 -26"><span class='ocrx_word' id='word_1_24' title='bbox 159 858 307 923; x_wconf 88' lang='lat' dir='ltr'><strong>Esiones</strong></span> <span class='ocrx_word' id='word_1_25' title='bbox 322 865 445 944; x_wconf 87' lang='lat' dir='ltr'><strong>raptus</strong></span> <span class='ocrx_word' id='word_1_26' title='bbox 460 860 580 925; x_wconf 86' lang='lat' dir='ltr'><strong>helene</strong></span> <span class='ocrx_word' id='word_1_27' title='bbox 597 861 704 946; x_wconf 84' lang='lat' dir='ltr'><strong>fugua</strong></span> <span class='ocrx_word' id='word_1_28' title='bbox 717 863 857 947; x_wconf 84' lang='lat' dir='ltr'><strong>fregerit</strong></span> <span class='ocrx_word' id='word_1_29' title='bbox 872 866 1010 938; x_wconf 83' lang='lat' dir='ltr'><strong>arcem³,</strong></span> 
     </span>
     <span class='ocr_line' id='line_1_6' title="bbox 159 975 1142 1063; baseline 0.006 -25"><span class='ocrx_word' id='word_1_30' title='bbox 159 975 335 1061; x_wconf 89' lang='lat' dir='ltr'><strong>anulerit</strong></span> <span class='ocrx_word' id='word_1_31' title='bbox 354 976 473 1062; x_wconf 86' lang='lat' dir='ltr'><strong>frigios</strong></span> <span class='ocrx_word' id='word_1_32' title='bbox 492 978 625 1042; x_wconf 88' lang='lat' dir='ltr'><strong>danaas</strong></span> <span class='ocrx_word' id='word_1_33' title='bbox 638 978 802 1044; x_wconf 83' lang='lat' dir='ltr'><strong>exciverit</strong></span> <span class='ocrx_word' id='word_1_34' title='bbox 816 981 934 1044; x_wconf 78' lang='lat' dir='ltr'><strong>urbes⁴</strong></span> <span class='ocrx_word' id='word_1_35' title='bbox 1139 1058 1142 1063; x_wconf 27' lang='grc' dir='ltr'>Ι</span> 
     </span>
     <span class='ocr_line' id='line_1_7' title="bbox 159 1080 1146 1182; baseline 0.004 -26"><span class='ocrx_word' id='word_1_36' title='bbox 159 1092 211 1156; x_wconf 91' lang='lat' dir='ltr'><strong>Ut</strong></span> <span class='ocrx_word' id='word_1_37' title='bbox 226 1094 309 1177; x_wconf 85' lang='lat' dir='ltr'><strong>quid</strong></span> <span class='ocrx_word' id='word_1_38' title='bbox 330 1095 531 1179; x_wconf 86' lang='lat' dir='ltr'><strong>abantiquo</strong></span> <span class='ocrx_word' id='word_1_39' title='bbox 544 1100 680 1160; x_wconf 73' lang='lat' dir='ltr'><strong>uatum¹</strong></span> <span class='ocrx_word' id='word_1_40' title='bbox 697 1100 892 1182; x_wconf 88' lang='lat' dir='ltr'><strong>proscripta</strong></span> <span class='ocrx_word' id='word_1_41' title='bbox 906 1080 1081 1161; x_wconf 74' lang='lat' dir='ltr'><strong>tumultir·</strong></span> <span class='ocrx_word' id='word_1_42' title='bbox 1130 1107 1146 1181; x_wconf 64' lang='lat' dir='ltr'><em>J</em></span> 
     </span>
     <span class='ocr_line' id='line_1_8' title="bbox 159 1208 1139 1296; baseline 0.003 -22"><span class='ocrx_word' id='word_1_43' title='bbox 159 1208 244 1274; x_wconf 89' lang='lat' dir='ltr'><strong>Veri</strong></span> <span class='ocrx_word' id='word_1_44' title='bbox 263 1230 360 1275; x_wconf 88' lang='lat' dir='ltr'><strong>sacra</strong></span> <span class='ocrx_word' id='word_1_45' title='bbox 372 1210 459 1274; x_wconf 89' lang='lat' dir='ltr'><strong>fides</strong></span> <span class='ocrx_word' id='word_1_46' title='bbox 472 1210 616 1296; x_wconf 85' lang='lat' dir='ltr'><strong>longum</strong></span> <span class='ocrx_word' id='word_1_47' title='bbox 631 1211 788 1276; x_wconf 89' lang='lat' dir='ltr'><strong>siluescis</strong></span> <span class='ocrx_word' id='word_1_48' title='bbox 800 1213 835 1276; x_wconf 90' lang='lat' dir='ltr'><strong>in</strong></span> <span class='ocrx_word' id='word_1_49' title='bbox 850 1232 953 1277; x_wconf 86' lang='lat' dir='ltr'><strong>enum</strong></span> <span class='ocrx_word' id='word_1_50' title='bbox 1136 1220 1139 1225; x_wconf 85' lang='lat'>&#39;</span> 
     </span>
     <span class='ocr_line' id='line_1_9' title="bbox 160 1327 1063 1415; baseline 0.002 -25"><span class='ocrx_word' id='word_1_51' title='bbox 160 1328 218 1391; x_wconf 90' lang='lat' dir='ltr'><strong>An</strong></span> <span class='ocrx_word' id='word_1_52' title='bbox 236 1327 317 1412; x_wconf 91' lang='lat' dir='ltr'><strong>quia</strong></span> <span class='ocrx_word' id='word_1_53' title='bbox 334 1330 464 1412; x_wconf 88' lang='lat' dir='ltr'><strong>spreta⁷</strong></span> <span class='ocrx_word' id='word_1_54' title='bbox 482 1328 571 1394; x_wconf 90' lang='lat' dir='ltr'><strong>lates</strong></span> <span class='ocrx_word' id='word_1_55' title='bbox 585 1330 782 1414; x_wconf 89' lang='lat' dir='ltr'><strong>mondoque</strong></span> <span class='ocrx_word' id='word_1_56' title='bbox 796 1330 929 1394; x_wconf 80' lang='lat' dir='ltr'><strong>infensa</strong></span> <span class='ocrx_word' id='word_1_57' title='bbox 944 1329 1063 1415; x_wconf 83' lang='lat' dir='ltr'><strong>priori⁸</strong></span> 
     </span>
    </p>

    <p class='ocr_par' dir='ltr' id='par_1_4' title="bbox 161 1442 1150 1533">
     <span class='ocr_line' id='line_1_10' title="bbox 161 1442 1150 1533; baseline 0.002 -26"><span class='ocrx_word' id='word_1_58' title='bbox 161 1442 239 1507; x_wconf 90' lang='lat' dir='ltr'><strong>Nos</strong></span> <span class='ocrx_word' id='word_1_59' title='bbox 252 1442 358 1508; x_wconf 83' lang='lat' dir='ltr'><strong>etiam</strong></span> <span class='ocrx_word' id='word_1_60' title='bbox 372 1445 560 1510; x_wconf 86' lang='lat' dir='ltr'><strong>noscemda</strong></span> <span class='ocrx_word' id='word_1_61' title='bbox 571 1446 662 1532; x_wconf 84' lang='lat' dir='ltr'><strong>fugis</strong></span> <span class='ocrx_word' id='word_1_62' title='bbox 674 1467 810 1512; x_wconf 88' lang='lat' dir='ltr'><strong>mecum</strong></span> <span class='ocrx_word' id='word_1_63' title='bbox 823 1446 941 1511; x_wconf 87' lang='lat' dir='ltr'><strong>inclita</strong></span> <span class='ocrx_word' id='word_1_64' title='bbox 959 1464 1096 1512; x_wconf 89' lang='lat' dir='ltr'><strong>mecum</strong></span> <span class='ocrx_word' id='word_1_65' title='bbox 1116 1463 1118 1467; x_wconf 87' lang='lat'>·</span> <span class='ocrx_word' id='word_1_66' title='bbox 1146 1526 1150 1533; x_wconf 24' lang='grc' dir='ltr'>Ι</span> 
     </span>
    </p>

    <p class='ocr_par' dir='ltr' id='par_1_5' title="bbox 100 1560 1174 1862">
     <span class='ocr_line' id='line_1_11' title="bbox 100 1560 1147 1660; baseline 0.004 -36"><span class='ocrx_word' id='word_1_67' title='bbox 100 1648 107 1660; x_wconf 76' lang='lat'>.</span> <span class='ocrx_word' id='word_1_68' title='bbox 159 1560 324 1628; x_wconf 83' lang='lat' dir='ltr'><strong>Exorere⁸</strong></span> <span class='ocrx_word' id='word_1_69' title='bbox 336 1569 372 1628; x_wconf 89' lang='lat' dir='ltr'><strong>et</strong></span> <span class='ocrx_word' id='word_1_70' title='bbox 386 1563 525 1627; x_wconf 90' lang='lat' dir='ltr'><strong>uultum</strong></span> <span class='ocrx_word' id='word_1_71' title='bbox 539 1567 677 1649; x_wconf 85' lang='lat' dir='ltr'><strong>rugua¹⁰</strong></span> <span class='ocrx_word' id='word_1_72' title='bbox 691 1562 840 1629; x_wconf 80' lang='lat' dir='ltr'><strong>leuiore⁸¹</strong></span> <span class='ocrx_word' id='word_1_73' title='bbox 859 1568 1069 1628; x_wconf 72' lang='lat' dir='ltr'><strong>resumens¹¹¹</strong></span> <span class='ocrx_word' id='word_1_74' title='bbox 1124 1563 1127 1567; x_wconf 77' lang='grc'><strong>’</strong></span> <span class='ocrx_word' id='word_1_75' title='bbox 1144 1643 1147 1647; x_wconf 22' lang='lat'>¹</span> 
     </span>
     <span class='ocr_line' id='line_1_12' title="bbox 100 1668 1174 1773; baseline 0.002 -31"><span class='ocrx_word' id='word_1_76' title='bbox 100 1757 117 1773; x_wconf 37' lang='lat' dir='ltr'><em>r</em></span> <span class='ocrx_word' id='word_1_77' title='bbox 163 1679 362 1769; x_wconf 72' lang='lat' dir='ltr'><strong>Plebeiam¹³</strong></span> <span class='ocrx_word' id='word_1_78' title='bbox 376 1684 418 1762; x_wconf 85' lang='lat' dir='ltr'><strong>(a)</strong></span> <span class='ocrx_word' id='word_1_79' title='bbox 434 1679 576 1765; x_wconf 86' lang='lat' dir='ltr'><strong>dignare</strong></span> <span class='ocrx_word' id='word_1_80' title='bbox 590 1682 751 1757; x_wconf 79' lang='lat' dir='ltr'><strong>tubam¹⁸,</strong></span> <span class='ocrx_word' id='word_1_81' title='bbox 770 1681 998 1766; x_wconf 70' lang='lat' dir='ltr'><strong>sterilisquest</strong></span> <span class='ocrx_word' id='word_1_82' title='bbox 1012 1668 1174 1746; x_wconf 84' lang='lat' dir='ltr'><strong>uetustas</strong></span> 
     </span>
     <span class='ocr_line' id='line_1_13' title="bbox 161 1775 1109 1862; baseline 0.002 -4"><span class='ocrx_word' id='word_1_83' title='bbox 161 1775 316 1861; x_wconf 78' lang='lat' dir='ltr'><strong>Erubeat</strong></span> <span class='ocrx_word' id='word_1_84' title='bbox 329 1794 413 1861; x_wconf 79' lang='lat' dir='ltr'><strong>dnm</strong></span> <span class='ocrx_word' id='word_1_85' title='bbox 428 1797 547 1862; x_wconf 78' lang='lat' dir='ltr'><strong>culta¹⁶</strong></span> <span class='ocrx_word' id='word_1_86' title='bbox 562 1800 687 1862; x_wconf 72' lang='lat' dir='ltr'><strong>uenis¹²</strong></span> <span class='ocrx_word' id='word_1_87' title='bbox 703 1799 786 1862; x_wconf 91' lang='lat' dir='ltr'><strong>dum</strong></span> <span class='ocrx_word' id='word_1_88' title='bbox 800 1798 933 1861; x_wconf 82' lang='lat' dir='ltr'><strong>libera¹⁸</strong></span> <span class='ocrx_word' id='word_1_89' title='bbox 946 1798 1109 1861; x_wconf 89' lang='lat' dir='ltr'><strong>fromtem</strong></span> 
     </span>
    </p>
   </div>
   <div class='ocr_carea' id='block_1_3' title="bbox 161 1950 1180 3018">
    <p class='ocr_par' dir='ltr' id='par_1_6' title="bbox 161 1950 1180 3018">
     <span class='ocr_line' id='line_1_14' title="bbox 203 1950 1177 2036; baseline 0.004 -23"><span class='ocrx_word' id='word_1_90' title='bbox 203 1951 247 2013; x_wconf 64' lang='lat' dir='ltr'><strong>tl.</strong></span> <span class='ocrx_word' id='word_1_91' title='bbox 258 1969 286 2014; x_wconf 90' lang='lat' dir='ltr'><strong>e.</strong></span> <span class='ocrx_word' id='word_1_92' title='bbox 302 1962 442 2015; x_wconf 89' lang='lat' dir='ltr'><strong>matrum</strong></span> <span class='ocrx_word' id='word_1_93' title='bbox 455 1953 667 2036; x_wconf 84' lang='lat' dir='ltr'><strong>phrigiarum,</strong></span> <span class='ocrx_word' id='word_1_94' title='bbox 679 1971 752 2017; x_wconf 90' lang='lat' dir='ltr'><strong>cum</strong></span> <span class='ocrx_word' id='word_1_95' title='bbox 766 1961 873 2015; x_wconf 85' lang='lat' dir='ltr'><strong>autam</strong></span> <span class='ocrx_word' id='word_1_96' title='bbox 884 1961 950 2016; x_wconf 87' lang='lat' dir='ltr'><strong>tam</strong></span> <span class='ocrx_word' id='word_1_97' title='bbox 963 1950 1069 2034; x_wconf 84' lang='lat' dir='ltr'><strong>yliade</strong></span> <span class='ocrx_word' id='word_1_98' title='bbox 1078 1953 1177 2032; x_wconf 72' lang='lat' dir='ltr'><strong>ortam</strong></span> 
     </span>
     <span class='ocr_line' id='line_1_15' title="bbox 163 2047 1176 2134; baseline -0.002 -22"><span class='ocrx_word' id='word_1_99' title='bbox 163 2049 483 2132; x_wconf 67' lang='lat' dir='ltr'><strong>pliades-doluerint,</strong></span> <span class='ocrx_word' id='word_1_100' title='bbox 500 2051 668 2134; x_wconf 86' lang='lat' dir='ltr'><strong>quoderat</strong></span> <span class='ocrx_word' id='word_1_101' title='bbox 694 2070 829 2115; x_wconf 89' lang='lat' dir='ltr'><strong>comune</strong></span> <span class='ocrx_word' id='word_1_102' title='bbox 841 2058 907 2113; x_wconf 91' lang='lat' dir='ltr'><strong>tam</strong></span> <span class='ocrx_word' id='word_1_103' title='bbox 921 2049 1001 2112; x_wconf 89' lang='lat' dir='ltr'><strong>uiris</strong></span> <span class='ocrx_word' id='word_1_104' title='bbox 1022 2047 1176 2132; x_wconf 63' lang='lat' dir='ltr'><strong>quamfess</strong></span> 
     </span>
     <span class='ocr_line' id='line_1_16' title="bbox 163 2147 1176 2231; baseline 0.001 -21"><span class='ocrx_word' id='word_1_105' title='bbox 163 2149 272 2223; x_wconf 89' lang='lat' dir='ltr'><strong>minis,</strong></span> <span class='ocrx_word' id='word_1_106' title='bbox 291 2149 437 2212; x_wconf 86' lang='lat' dir='ltr'><strong>attribuit</strong></span> <span class='ocrx_word' id='word_1_107' title='bbox 450 2149 589 2225; x_wconf 90' lang='lat' dir='ltr'><strong>feminis,</strong></span> <span class='ocrx_word' id='word_1_108' title='bbox 605 2169 699 2221; x_wconf 84' lang='lat' dir='ltr'><strong>sexus</strong></span> <span class='ocrx_word' id='word_1_109' title='bbox 716 2150 802 2212; x_wconf 89' lang='lat' dir='ltr'><strong>enim</strong></span> <span class='ocrx_word' id='word_1_110' title='bbox 816 2149 875 2213; x_wconf 87' lang='lat' dir='ltr'><strong>iste</strong></span> <span class='ocrx_word' id='word_1_111' title='bbox 886 2149 927 2213; x_wconf 90' lang='lat' dir='ltr'><strong>ad</strong></span> <span class='ocrx_word' id='word_1_112' title='bbox 941 2147 1089 2221; x_wconf 82' lang='lat' dir='ltr'><strong>lacrimas</strong></span> <span class='ocrx_word' id='word_1_113' title='bbox 1103 2165 1176 2231; x_wconf 86' lang='lat' dir='ltr'><strong>pro·</strong></span> 
     </span>
     <span class='ocr_line' id='line_1_17' title="bbox 163 2246 1177 2331; baseline 0 -22"><span class='ocrx_word' id='word_1_114' title='bbox 163 2249 270 2322; x_wconf 89' lang='lat' dir='ltr'><strong>mtior,</strong></span> <span class='ocrx_word' id='word_1_115' title='bbox 298 2248 339 2310; x_wconf 87' lang='lat' dir='ltr'><strong>ad</strong></span> <span class='ocrx_word' id='word_1_116' title='bbox 366 2256 496 2331; x_wconf 88' lang='lat' dir='ltr'><strong>questus</strong></span> <span class='ocrx_word' id='word_1_117' title='bbox 510 2249 653 2331; x_wconf 88' lang='lat' dir='ltr'><strong>pronior,</strong></span> <span class='ocrx_word' id='word_1_118' title='bbox 670 2257 704 2311; x_wconf 77' lang='lat' dir='ltr'><strong>&#39;et</strong></span> <span class='ocrx_word' id='word_1_119' title='bbox 718 2249 859 2312; x_wconf 87' lang='lat' dir='ltr'><strong>notanda</strong></span> <span class='ocrx_word' id='word_1_120' title='bbox 870 2257 917 2311; x_wconf 86' lang='lat' dir='ltr'><strong>est</strong></span> <span class='ocrx_word' id='word_1_121' title='bbox 927 2247 1106 2310; x_wconf 83' lang='lat' dir='ltr'><strong>differentia</strong></span> <span class='ocrx_word' id='word_1_122' title='bbox 1130 2246 1177 2309; x_wconf 90' lang='lat' dir='ltr'><strong>in-</strong></span> 
     </span>
     <span class='ocr_line' id='line_1_18' title="bbox 161 2345 1179 2431; baseline 0.001 -23"><span class='ocrx_word' id='word_1_123' title='bbox 161 2354 210 2409; x_wconf 89' lang='lat' dir='ltr'><strong>ter</strong></span> <span class='ocrx_word' id='word_1_124' title='bbox 230 2346 332 2430; x_wconf 78' lang='lat' dir='ltr'><strong>ylium</strong></span> <span class='ocrx_word' id='word_1_125' title='bbox 357 2346 501 2430; x_wconf 68' lang='lat' dir='ltr'><strong>abylion,</strong></span> <span class='ocrx_word' id='word_1_126' title='bbox 515 2346 617 2430; x_wconf 81' lang='lat' dir='ltr'><strong>ylium</strong></span> <span class='ocrx_word' id='word_1_127' title='bbox 633 2347 749 2409; x_wconf 89' lang='lat' dir='ltr'><strong>dicitur</strong></span> <span class='ocrx_word' id='word_1_128' title='bbox 762 2346 832 2430; x_wconf 87' lang='lat' dir='ltr'><strong>ipsa</strong></span> <span class='ocrx_word' id='word_1_129' title='bbox 855 2347 980 2420; x_wconf 89' lang='lat' dir='ltr'><strong>ciuitas,</strong></span> <span class='ocrx_word' id='word_1_130' title='bbox 992 2345 1081 2431; x_wconf 78' lang='lat' dir='ltr'><strong>ylion</strong></span> <span class='ocrx_word' id='word_1_131' title='bbox 1102 2363 1179 2409; x_wconf 84' lang='lat' dir='ltr'><strong>uero</strong></span> 
     </span>
     <span class='ocr_line' id='line_1_19' title="bbox 163 2443 1179 2528; baseline -0.002 -22"><span class='ocrx_word' id='word_1_132' title='bbox 163 2444 339 2528; x_wconf 85' lang='lat' dir='ltr'><strong>principale</strong></span> <span class='ocrx_word' id='word_1_133' title='bbox 351 2444 440 2508; x_wconf 90' lang='lat' dir='ltr'><strong>urbis</strong></span> <span class='ocrx_word' id='word_1_134' title='bbox 456 2443 705 2528; x_wconf 86' lang='lat' dir='ltr'><strong>municipium...</strong></span> <span class='ocrx_word' id='word_1_135' title='bbox 721 2481 760 2490; x_wconf 92' lang='lat'><em>-</em></span> <span class='ocrx_word' id='word_1_136' title='bbox 777 2449 789 2481; x_wconf 77' lang='lat'>⁸</span> <span class='ocrx_word' id='word_1_137' title='bbox 802 2444 854 2507; x_wconf 90' lang='lat' dir='ltr'><strong>Bis</strong></span> <span class='ocrx_word' id='word_1_138' title='bbox 867 2444 952 2507; x_wconf 88' lang='lat' dir='ltr'><strong>enim</strong></span> <span class='ocrx_word' id='word_1_139' title='bbox 963 2443 1119 2506; x_wconf 88' lang='lat' dir='ltr'><strong>bellatum</strong></span> <span class='ocrx_word' id='word_1_140' title='bbox 1131 2451 1179 2506; x_wconf 87' lang='lat' dir='ltr'><strong>est</strong></span> 
     </span>
     <span class='ocr_line' id='line_1_20' title="bbox 163 2539 1178 2626; baseline -0.004 -21"><span class='ocrx_word' id='word_1_141' title='bbox 163 2542 267 2626; x_wconf 89' lang='lat' dir='ltr'><strong>primo</strong></span> <span class='ocrx_word' id='word_1_142' title='bbox 283 2542 324 2605; x_wconf 90' lang='lat' dir='ltr'><strong>ab</strong></span> <span class='ocrx_word' id='word_1_143' title='bbox 333 2542 464 2606; x_wconf 86' lang='lat' dir='ltr'><strong>hercula</strong></span> <span class='ocrx_word' id='word_1_144' title='bbox 478 2549 589 2607; x_wconf 86' lang='lat' dir='ltr'><strong>contra</strong></span> <span class='ocrx_word' id='word_1_145' title='bbox 599 2542 847 2617; x_wconf 83' lang='lat' dir='ltr'><strong>laomedontem,</strong></span> <span class='ocrx_word' id='word_1_146' title='bbox 860 2543 999 2625; x_wconf 87' lang='lat' dir='ltr'><strong>secundo</strong></span> <span class='ocrx_word' id='word_1_147' title='bbox 1010 2542 1051 2604; x_wconf 88' lang='lat' dir='ltr'><strong>ab</strong></span> <span class='ocrx_word' id='word_1_148' title='bbox 1066 2539 1178 2604; x_wconf 90' lang='lat' dir='ltr'><strong>atridis</strong></span> 
     </span>
     <span class='ocr_line' id='line_1_21' title="bbox 162 2640 1180 2726; baseline -0.003 -22"><span class='ocrx_word' id='word_1_149' title='bbox 162 2650 273 2705; x_wconf 88' lang='lat' dir='ltr'><strong>contra</strong></span> <span class='ocrx_word' id='word_1_150' title='bbox 287 2642 448 2725; x_wconf 90' lang='lat' dir='ltr'><strong>priamum</strong></span> <span class='ocrx_word' id='word_1_151' title='bbox 456 2640 514 2725; x_wconf 81' lang='lat' dir='ltr'><strong>(b).</strong></span> <span class='ocrx_word' id='word_1_152' title='bbox 526 2679 567 2688; x_wconf 98' lang='lat'><em>-</em></span> <span class='ocrx_word' id='word_1_153' title='bbox 579 2647 590 2680; x_wconf 81' lang='lat'>³</span> <span class='ocrx_word' id='word_1_154' title='bbox 603 2643 720 2717; x_wconf 81' lang='lat' dir='ltr'><strong>Aroes,</strong></span> <span class='ocrx_word' id='word_1_155' title='bbox 735 2642 848 2726; x_wconf 89' lang='lat' dir='ltr'><strong>supple</strong></span> <span class='ocrx_word' id='word_1_156' title='bbox 858 2641 988 2725; x_wconf 84' lang='lat' dir='ltr'><strong>yliacas.</strong></span> <span class='ocrx_word' id='word_1_157' title='bbox 1002 2677 1043 2687; x_wconf 94' lang='lat'><em>-</em></span> <span class='ocrx_word' id='word_1_158' title='bbox 1052 2641 1180 2704; x_wconf 73' lang='lat' dir='ltr'><strong>⁴&#39;Autor</strong></span> 
     </span>
     <span class='ocr_line' id='line_1_22' title="bbox 163 2739 1178 2824; baseline 0 -22"><span class='ocrx_word' id='word_1_159' title='bbox 163 2757 274 2803; x_wconf 86' lang='lat' dir='ltr'><strong>ueram</strong></span> <span class='ocrx_word' id='word_1_160' title='bbox 286 2741 461 2804; x_wconf 86' lang='lat' dir='ltr'><strong>trad-iturus</strong></span> <span class='ocrx_word' id='word_1_161' title='bbox 483 2740 663 2816; x_wconf 87' lang='lat' dir='ltr'><strong>historiam,</strong></span> <span class='ocrx_word' id='word_1_162' title='bbox 681 2741 722 2804; x_wconf 91' lang='lat' dir='ltr'><strong>ad</strong></span> <span class='ocrx_word' id='word_1_163' title='bbox 748 2742 851 2824; x_wconf 89' lang='lat' dir='ltr'><strong>ipsam</strong></span> <span class='ocrx_word' id='word_1_164' title='bbox 874 2758 980 2804; x_wconf 86' lang='lat' dir='ltr'><strong>rerum</strong></span> <span class='ocrx_word' id='word_1_165' title='bbox 1009 2739 1178 2818; x_wconf 83' lang='lat' dir='ltr'><strong>ueritatem</strong></span> 
     </span>
     <span class='ocr_line' id='line_1_23' title="bbox 162 2836 1177 2925; baseline 0 -25"><span class='ocrx_word' id='word_1_166' title='bbox 162 2841 371 2922; x_wconf 87' lang='lat' dir='ltr'><strong>apostrophat</strong></span> <span class='ocrx_word' id='word_1_167' title='bbox 386 2838 506 2914; x_wconf 80' lang='lat' dir='ltr'><strong>dicem,</strong></span> <span class='ocrx_word' id='word_1_168' title='bbox 524 2839 570 2902; x_wconf 83' lang='lat' dir='ltr'><strong>Vt</strong></span> <span class='ocrx_word' id='word_1_169' title='bbox 585 2839 681 2925; x_wconf 80' lang='lat' dir='ltr'><strong>quid,</strong></span> <span class='ocrx_word' id='word_1_170' title='bbox 696 2840 717 2902; x_wconf 93' lang='lat' dir='ltr'><strong>i.</strong></span> <span class='ocrx_word' id='word_1_171' title='bbox 731 2859 759 2914; x_wconf 88' lang='lat' dir='ltr'><strong>e,</strong></span> <span class='ocrx_word' id='word_1_172' title='bbox 776 2843 953 2922; x_wconf 78' lang='lat' dir='ltr'><strong>quara-⁵</strong></span> <span class='ocrx_word' id='word_1_173' title='bbox 963 2836 1177 2902; x_wconf 85' lang='lat' dir='ltr'><strong>Rerumenim</strong></span> 
     </span>
     <span class='ocr_line' id='line_1_24' title="bbox 162 2936 1177 3018; baseline 0.002 -20"><span class='ocrx_word' id='word_1_174' title='bbox 162 2936 281 3018; x_wconf 88' lang='lat' dir='ltr'><strong>serjem</strong></span> <span class='ocrx_word' id='word_1_175' title='bbox 290 2937 463 3001; x_wconf 88' lang='lat' dir='ltr'><strong>confudere</strong></span> <span class='ocrx_word' id='word_1_176' title='bbox 478 2957 551 3000; x_wconf 91' lang='lat' dir='ltr'><strong>cum</strong></span> <span class='ocrx_word' id='word_1_177' title='bbox 563 2937 708 3001; x_wconf 88' lang='lat' dir='ltr'><strong>ueritatis</strong></span> <span class='ocrx_word' id='word_1_178' title='bbox 722 2937 859 3002; x_wconf 87' lang='lat' dir='ltr'><strong>limitem</strong></span> <span class='ocrx_word' id='word_1_179' title='bbox 872 2939 1018 3002; x_wconf 88' lang='lat' dir='ltr'><strong>omisere.</strong></span> <span class='ocrx_word' id='word_1_180' title='bbox 1034 2940 1094 2983; x_wconf 82' lang='lat'><strong>-⁶</strong></span> <span class='ocrx_word' id='word_1_181' title='bbox 1109 2936 1134 2999; x_wconf 90' lang='lat' dir='ltr'><strong>l.</strong></span> <span class='ocrx_word' id='word_1_182' title='bbox 1148 2956 1177 3000; x_wconf 91' lang='lat' dir='ltr'><strong>e.</strong></span> 
     </span>
    </p>
   </div>
   <div class='ocr_carea' id='block_1_4' title="bbox 161 3033 1271 3118">
    <p class='ocr_par' dir='ltr' id='par_1_7' title="bbox 161 3033 1271 3118">
     <span class='ocr_line' id='line_1_25' title="bbox 161 3033 1271 3118; baseline -0.002 -20"><span class='ocrx_word' id='word_1_183' title='bbox 161 3033 296 3098; x_wconf 83' lang='lat' dir='ltr'><strong>confuso</strong></span> <span class='ocrx_word' id='word_1_184' title='bbox 314 3044 463 3099; x_wconf 90' lang='lat' dir='ltr'><strong>tractatu.</strong></span> <span class='ocrx_word' id='word_1_185' title='bbox 489 3072 529 3082; x_wconf 90' lang='lat'><em>-</em></span> <span class='ocrx_word' id='word_1_186' title='bbox 548 3042 559 3074; x_wconf 79' lang='lat'>⁷</span> <span class='ocrx_word' id='word_1_187' title='bbox 576 3035 625 3098; x_wconf 85' lang='lat' dir='ltr'><strong>Ab</strong></span> <span class='ocrx_word' id='word_1_188' title='bbox 643 3036 794 3118; x_wconf 88' lang='lat' dir='ltr'><strong>antiquis.</strong></span> <span class='ocrx_word' id='word_1_189' title='bbox 824 3073 864 3084; x_wconf 92' lang='lat'><em>-</em></span> <span class='ocrx_word' id='word_1_190' title='bbox 881 3041 893 3074; x_wconf 85' lang='lat'>⁸</span> <span class='ocrx_word' id='word_1_191' title='bbox 912 3035 936 3099; x_wconf 94' lang='lat' dir='ltr'><strong>l.</strong></span> <span class='ocrx_word' id='word_1_192' title='bbox 965 3055 994 3098; x_wconf 85' lang='lat' dir='ltr'><strong>a.</strong></span> <span class='ocrx_word' id='word_1_193' title='bbox 1018 3034 1178 3118; x_wconf 91' lang='lat' dir='ltr'><strong>prioribus</strong></span> <span class='ocrx_word' id='word_1_194' title='bbox 1268 3044 1271 3049; x_wconf 84' lang='grc'><strong>’</strong></span> 
     </span>
    </p>
   </div>
   <div class='ocr_carea' id='block_1_5' title="bbox 162 3132 1199 3791">
    <p class='ocr_par' dir='ltr' id='par_1_8' title="bbox 162 3132 1177 3217">
     <span class='ocr_line' id='line_1_26' title="bbox 162 3132 1177 3217; baseline -0.003 -20"><span class='ocrx_word' id='word_1_195' title='bbox 162 3132 285 3197; x_wconf 82' lang='lat' dir='ltr'><strong>scilicet</strong></span> <span class='ocrx_word' id='word_1_196' title='bbox 298 3135 449 3217; x_wconf 87' lang='lat' dir='ltr'><strong>antiquis.</strong></span> <span class='ocrx_word' id='word_1_197' title='bbox 466 3172 504 3184; x_wconf 90' lang='lat'>-</span> <span class='ocrx_word' id='word_1_198' title='bbox 520 3135 568 3197; x_wconf 82' lang='grc' dir='ltr'><strong>9Ι.</strong></span> <span class='ocrx_word' id='word_1_199' title='bbox 594 3154 622 3198; x_wconf 86' lang='lat' dir='ltr'><strong>e.</strong></span> <span class='ocrx_word' id='word_1_200' title='bbox 643 3135 738 3197; x_wconf 91' lang='lat' dir='ltr'><strong>simul</strong></span> <span class='ocrx_word' id='word_1_201' title='bbox 765 3154 934 3198; x_wconf 89' lang='lat' dir='ltr'><strong>nascamur</strong></span> <span class='ocrx_word' id='word_1_202' title='bbox 950 3134 983 3196; x_wconf 91' lang='lat' dir='ltr'><strong>in</strong></span> <span class='ocrx_word' id='word_1_203' title='bbox 1013 3133 1177 3212; x_wconf 86' lang='lat' dir='ltr'><strong>noticiam,</strong></span> 
     </span>
    </p>

    <p class='ocr_par' dir='ltr' id='par_1_9' title="bbox 163 3231 1179 3317">
     <span class='ocr_line' id='line_1_27' title="bbox 163 3231 1179 3317; baseline 0 -24"><span class='ocrx_word' id='word_1_204' title='bbox 163 3248 238 3294; x_wconf 89' lang='lat' dir='ltr'><strong>cum</strong></span> <span class='ocrx_word' id='word_1_205' title='bbox 263 3233 350 3295; x_wconf 89' lang='lat' dir='ltr'><strong>enim</strong></span> <span class='ocrx_word' id='word_1_206' title='bbox 372 3251 452 3317; x_wconf 91' lang='lat' dir='ltr'><strong>opus</strong></span> <span class='ocrx_word' id='word_1_207' title='bbox 481 3233 691 3317; x_wconf 80' lang='lat' dir='ltr'><strong>peruulgatur</strong></span> <span class='ocrx_word' id='word_1_208' title='bbox 718 3252 835 3296; x_wconf 88' lang='lat' dir='ltr'><strong>nomen</strong></span> <span class='ocrx_word' id='word_1_209' title='bbox 861 3232 993 3296; x_wconf 88' lang='lat' dir='ltr'><strong>artificis</strong></span> <span class='ocrx_word' id='word_1_210' title='bbox 1018 3231 1179 3314; x_wconf 88' lang='lat' dir='ltr'><strong>quesitum</strong></span> 
     </span>
    </p>

    <p class='ocr_par' dir='ltr' id='par_1_10' title="bbox 163 3329 1180 3414">
     <span class='ocr_line' id='line_1_28' title="bbox 163 3329 1180 3414; baseline 0 -22"><span class='ocrx_word' id='word_1_211' title='bbox 163 3329 344 3394; x_wconf 87' lang='lat' dir='ltr'><strong>innotescit.</strong></span> <span class='ocrx_word' id='word_1_212' title='bbox 359 3368 400 3378; x_wconf 92' lang='lat'>-</span> <span class='ocrx_word' id='word_1_213' title='bbox 413 3337 437 3368; x_wconf 86' lang='lat'><strong>¹⁰</strong></span> <span class='ocrx_word' id='word_1_214' title='bbox 455 3332 543 3395; x_wconf 90' lang='lat' dir='ltr'><strong>Cute.</strong></span> <span class='ocrx_word' id='word_1_215' title='bbox 571 3367 611 3378; x_wconf 95' lang='lat'><em>-</em></span> <span class='ocrx_word' id='word_1_216' title='bbox 639 3336 659 3370; x_wconf 87' lang='lat'><strong>¹¹</strong></span> <span class='ocrx_word' id='word_1_217' title='bbox 678 3333 773 3414; x_wconf 85' lang='lat' dir='ltr'><strong>Quasi</strong></span> <span class='ocrx_word' id='word_1_218' title='bbox 803 3333 922 3396; x_wconf 88' lang='lat' dir='ltr'><strong>diceret</strong></span> <span class='ocrx_word' id='word_1_219' title='bbox 939 3331 1039 3395; x_wconf 88' lang='lat' dir='ltr'><strong>lenita</strong></span> <span class='ocrx_word' id='word_1_220' title='bbox 1062 3330 1121 3395; x_wconf 85' lang='lat' dir='ltr'><strong>ira.</strong></span> <span class='ocrx_word' id='word_1_221' title='bbox 1139 3365 1180 3376; x_wconf 92' lang='lat'>-</span> 
     </span>
    </p>

    <p class='ocr_par' dir='ltr' id='par_1_11' title="bbox 163 3421 1199 3616">
     <span class='ocr_line' id='line_1_29' title="bbox 164 3421 1199 3512; baseline -0.001 -20"><span class='ocrx_word' id='word_1_222' title='bbox 164 3433 189 3466; x_wconf 78' lang='lat'><strong>¹²</strong></span> <span class='ocrx_word' id='word_1_223' title='bbox 201 3428 226 3492; x_wconf 93' lang='grc' dir='ltr'><strong>Ι.</strong></span> <span class='ocrx_word' id='word_1_224' title='bbox 246 3449 274 3492; x_wconf 90' lang='lat' dir='ltr'><strong>e.</strong></span> <span class='ocrx_word' id='word_1_225' title='bbox 284 3421 429 3494; x_wconf 89' lang='lat' dir='ltr'><strong>decentia</strong></span> <span class='ocrx_word' id='word_1_226' title='bbox 438 3430 558 3494; x_wconf 88' lang='lat' dir='ltr'><strong>uultus.</strong></span> <span class='ocrx_word' id='word_1_227' title='bbox 570 3468 611 3478; x_wconf 90' lang='lat'>-</span> <span class='ocrx_word' id='word_1_228' title='bbox 622 3435 645 3469; x_wconf 79' lang='lat'><strong>¹³</strong></span> <span class='ocrx_word' id='word_1_229' title='bbox 660 3431 685 3494; x_wconf 93' lang='lat' dir='ltr'><strong>l.</strong></span> <span class='ocrx_word' id='word_1_230' title='bbox 702 3450 730 3493; x_wconf 91' lang='lat' dir='ltr'><strong>e.</strong></span> <span class='ocrx_word' id='word_1_231' title='bbox 745 3431 979 3512; x_wconf 82' lang='lat' dir='ltr'><strong>ignobilem—</strong></span> <span class='ocrx_word' id='word_1_232' title='bbox 991 3434 1015 3468; x_wconf 82' lang='lat'><strong>¹⁴</strong></span> <span class='ocrx_word' id='word_1_233' title='bbox 1027 3430 1180 3507; x_wconf 79' lang='lat' dir='ltr'><strong>Attenuat</strong></span> <span class='ocrx_word' id='word_1_234' title='bbox 1197 3477 1199 3482; x_wconf 85' lang='lat'><em>.</em></span> 
     </span>
     <span class='ocr_line' id='line_1_30' title="bbox 163 3527 1182 3616; baseline -0.002 -25"><span class='ocrx_word' id='word_1_235' title='bbox 163 3546 198 3591; x_wconf 90' lang='lat' dir='ltr'><strong>se</strong></span> <span class='ocrx_word' id='word_1_236' title='bbox 210 3527 315 3610; x_wconf 84' lang='lat' dir='ltr'><strong>ipsum</strong></span> <span class='ocrx_word' id='word_1_237' title='bbox 325 3529 451 3592; x_wconf 82' lang='lat' dir='ltr'><strong>artilex.</strong></span> <span class='ocrx_word' id='word_1_238' title='bbox 460 3564 501 3576; x_wconf 98' lang='lat'>—</span> <span class='ocrx_word' id='word_1_239' title='bbox 514 3533 537 3568; x_wconf 80' lang='lat'><strong>¹⁸</strong></span> <span class='ocrx_word' id='word_1_240' title='bbox 549 3529 629 3616; x_wconf 84' lang='lat' dir='ltr'><strong>Quia</strong></span> <span class='ocrx_word' id='word_1_241' title='bbox 641 3529 780 3592; x_wconf 84' lang='lat' dir='ltr'><strong>mendax</strong></span> <span class='ocrx_word' id='word_1_242' title='bbox 793 3538 824 3591; x_wconf 90' lang='lat' dir='ltr'><strong>et</strong></span> <span class='ocrx_word' id='word_1_243' title='bbox 837 3531 881 3592; x_wconf 91' lang='lat' dir='ltr'><strong>sic</strong></span> <span class='ocrx_word' id='word_1_244' title='bbox 893 3529 1027 3591; x_wconf 85' lang='lat' dir='ltr'><strong>inutilis.</strong></span> <span class='ocrx_word' id='word_1_245' title='bbox 1041 3544 1079 3576; x_wconf 79' lang='lat'><strong>-·</strong></span> <span class='ocrx_word' id='word_1_246' title='bbox 1092 3527 1182 3592; x_wconf 68' lang='grc'><strong>1601·-</strong></span> 
     </span>
    </p>

    <p class='ocr_par' dir='ltr' id='par_1_12' title="bbox 162 3626 1181 3712">
     <span class='ocr_line' id='line_1_31' title="bbox 162 3626 1181 3712; baseline -0.002 -23"><span class='ocrx_word' id='word_1_247' title='bbox 162 3635 239 3689; x_wconf 90' lang='lat' dir='ltr'><strong>nata</strong></span> <span class='ocrx_word' id='word_1_248' title='bbox 259 3628 366 3690; x_wconf 88' lang='lat' dir='ltr'><strong>uerbis</strong></span> <span class='ocrx_word' id='word_1_249' title='bbox 384 3636 415 3690; x_wconf 90' lang='lat' dir='ltr'><strong>et</strong></span> <span class='ocrx_word' id='word_1_250' title='bbox 433 3629 608 3691; x_wconf 90' lang='lat' dir='ltr'><strong>sententiis.</strong></span> <span class='ocrx_word' id='word_1_251' title='bbox 635 3665 678 3685; x_wconf 68' lang='lat'><em>-</em></span> <span class='ocrx_word' id='word_1_252' title='bbox 695 3633 717 3665; x_wconf 78' lang='lat'><strong>¹⁷</strong></span> <span class='ocrx_word' id='word_1_253' title='bbox 756 3629 791 3690; x_wconf 91' lang='lat' dir='ltr'><strong>ln</strong></span> <span class='ocrx_word' id='word_1_254' title='bbox 814 3628 990 3712; x_wconf 87' lang='lat' dir='ltr'><strong>puplicum.</strong></span> <span class='ocrx_word' id='word_1_255' title='bbox 1016 3665 1056 3674; x_wconf 94' lang='lat'>—</span> <span class='ocrx_word' id='word_1_256' title='bbox 1078 3630 1102 3663; x_wconf 86' lang='lat'><strong>¹⁸</strong></span> <span class='ocrx_word' id='word_1_257' title='bbox 1129 3626 1181 3688; x_wconf 92' lang='lat' dir='ltr'><strong>Nil</strong></span> 
     </span>
    </p>

    <p class='ocr_par' dir='ltr' id='par_1_13' title="bbox 164 3726 456 3791">
     <span class='ocr_line' id='line_1_32' title="bbox 164 3726 456 3791; baseline -0.007 0"><span class='ocrx_word' id='word_1_258' title='bbox 164 3726 303 3791; x_wconf 86' lang='lat' dir='ltr'><strong>ueritate</strong></span> <span class='ocrx_word' id='word_1_259' title='bbox 312 3727 456 3791; x_wconf 87' lang='lat' dir='ltr'><strong>liberius.</strong></span> 
     </span>
    </p>
   </div>
   <div class='ocr_carea' id='block_1_6' title="bbox 167 3859 1184 4003">
    <p class='ocr_par' dir='ltr' id='par_1_14' title="bbox 167 3859 1184 4003">
     <span class='ocr_line' id='line_1_33' title="bbox 196 3859 1184 3926; baseline -0.003 -14"><span class='ocrx_word' id='word_1_260' title='bbox 196 3864 235 3924; x_wconf 86' lang='lat' dir='ltr'><strong>(a)</strong></span> <span class='ocrx_word' id='word_1_261' title='bbox 259 3860 420 3914; x_wconf 80' lang='lat' dir='ltr'><strong>Phoebeum</strong></span> <span class='ocrx_word' id='word_1_262' title='bbox 441 3862 484 3924; x_wconf 85' lang='grc' dir='ltr'>(Ι).</span> <span class='ocrx_word' id='word_1_263' title='bbox 514 3860 567 3923; x_wconf 85' lang='lat' dir='ltr'><strong>D.).</strong></span> <span class='ocrx_word' id='word_1_264' title='bbox 595 3883 624 3900; x_wconf 86' lang='lat'><strong>·-</strong></span> <span class='ocrx_word' id='word_1_265' title='bbox 649 3861 687 3926; x_wconf 91' lang='lat' dir='ltr'><strong>(b)</strong></span> <span class='ocrx_word' id='word_1_266' title='bbox 706 3860 865 3912; x_wconf 87' lang='lat' dir='ltr'><strong>Historiam</strong></span> <span class='ocrx_word' id='word_1_267' title='bbox 887 3860 1014 3922; x_wconf 85' lang='lat' dir='ltr'><strong>Jasonis,</strong></span> <span class='ocrx_word' id='word_1_268' title='bbox 1032 3859 1184 3918; x_wconf 84' lang='lat' dir='ltr'><strong>Hesiones,</strong></span> 
     </span>
     <span class='ocr_line' id='line_1_34' title="bbox 167 3943 357 4003; baseline -0.005 -9"><span class='ocrx_word' id='word_1_269' title='bbox 167 3945 230 4003; x_wconf 80' lang='lat' dir='ltr'><strong>etc..</strong></span> <span class='ocrx_word' id='word_1_270' title='bbox 245 3943 357 3994; x_wconf 90' lang='lat' dir='ltr'><strong>omitto.</strong></span> 
     </span>
    </p>
   </div>
   <div class='ocr_carea' id='block_1_7' title="bbox 0 0 1350 4718">
    <p class='ocr_par' dir='ltr' id='par_1_15' title="bbox 0 0 1350 4718">
     <span class='ocr_line' id='line_1_35' title="bbox 0 0 1350 4718; baseline 0 0"><span class='ocrx_word' id='word_1_271' title='bbox 0 0 1350 4718; x_wconf 95' lang='lat' dir='ltr'><strong> </strong></span> 
     </span>
    </p>
   </div>
  </div>
 </body>
</html>
