2678 4718
497 396 623 450 -9-

53 534 240 610 studium
254 523 440 610 veterum
453 538 700 620 carminum,
717 536 869 633 quibus
884 538 984 612 olim
1000 537 1068 611 de·

53 671 192 744 lectati
223 671 391 745 fuerunt
406 673 547 768 proavi
572 674 700 745 nostri
720 697 761 744 se
784 675 1063 748 contulerunt.

56 808 318 905 Longissima
334 808 457 905 hujus
479 808 637 903 generis
652 815 841 903 poemata
861 811 974 906 typis
994 834 1068 882 nu·

55 941 1067 1040 permundatafuerunthistorioequeseuromanae,

55 1102 129 1150 seu
150 1077 202 1150 ad
222 1078 414 1151 Carolum
432 1077 649 1172 Magnum,
671 1101 739 1148 seu
767 1077 819 1148 ad
833 1078 1068 1150 Arthurum

54 1213 323 1310 pertinentes
341 1235 452 1284 nunc
473 1212 678 1307 leguntur,
702 1210 753 1283 ab
774 1213 824 1283 iis
839 1215 1067 1309 praesertim

55 1347 133 1444 qui
152 1347 445 1443 manuscriptis
461 1343 669 1417 codicibus
683 1347 742 1417 uti
765 1369 849 1419 non
865 1355 1069 1442 poterant.

55 1485 134 1578 lta,
156 1505 241 1555 non
273 1480 394 1554 modo
428 1480 590 1563 eruditi,
623 1480 692 1551 sed
719 1481 778 1552 illi
804 1483 944 1567 etiam,
978 1484 1069 1581 qui-

55 1638 236 1717 cumque
255 1616 354 1697 sint,
373 1616 443 1712 qui
458 1614 577 1686 bonis
591 1613 749 1688 artibus
763 1614 913 1702 favent,
929 1619 971 1688 in
986 1625 1070 1690 stu·

58 1751 131 1824 dio
166 1747 470 1822 medioevalium
498 1749 739 1851 litterarum.
766 1752 917 1823 versati
957 1759 1069 1824 sunt.

58 1886 205 1982 Operae
219 1886 332 1956 enim
346 1887 525 1981 pretium
546 1892 606 1955 est
630 1882 788 1957 fabulas
805 1909 908 1981 quas
924 1888 1073 1959 saeculo

61 2021 142 2092 Xll
160 2020 225 2092 vel
239 2020 338 2092 Xlll
360 2025 491 2115 poetes
506 2015 663 2091 civibus
684 2020 782 2096 suis,
802 2025 889 2090 toto
910 2027 1071 2114 pectore

59 2154 379 2250 amplectendas
405 2152 705 2250 proponebant,
722 2153 873 2225 fabulis
893 2153 1072 2226 conferre

61 2287 215 2387 quibus
245 2288 462 2383 scriptores
501 2288 644 2370 nostri,
673 2285 852 2383 pedestri
887 2311 1073 2361 sermone

61 2423 246 2522 plerique
271 2424 349 2506 usi,
378 2424 568 2518 praesenti
587 2428 785 2518 tempore,
808 2422 969 2494 animos
993 2428 1074 2494 tra·

62 2559 184 2631 hunt.
200 2558 308 2628 Nam
332 2555 683 2654 quemadmodum
702 2579 750 2627 ex
766 2554 861 2641 illis,
880 2579 972 2651 quae
990 2555 1074 2629 fue·

61 2694 150 2764 rint
168 2691 268 2764 olim
295 2690 506 2762 Gallorum
526 2695 600 2762 aut
618 2690 850 2786 Anglorum
877 2711 1011 2762 mores
1035 2697 1076 2761 et

63 2826 201 2900 studia
217 2800 369 2897 discere
388 2846 623 2921 possumuS,
642 2825 700 2895 ita
719 2827 762 2895 in
787 2825 852 2897 his
867 2823 1075 2897 advivam

63 2963 268 3058 depictam
315 2966 480 3032 aetatem
521 2964 704 3031 nostram
737 2960 955 3032 cernimus,
994 2960 1074 3049 Qui

63 3118 174 3180 vero,
207 3095 280 3168 tali
310 3095 555 3180 recensione,
579 3094 782 3189 majorum
809 3099 849 3164 et
878 3094 1076 3164 recentio-

62 3236 159 3303 r'um
177 3230 353 3305 ,virtutes
378 3236 418 3301 et
437 3218 544 3301 vitia
557 3228 731 3300 recolere
746 3232 787 3299 et
802 3225 981 3301 conferre
996 3228 1077 3298 vel-

63 3367 134 3450 let,
156 3389 202 3438 ea
224 3371 391 3438 tantum
420 3373 568 3437 notans
595 3387 688 3461 quae
714 3360 762 3434 de
787 3363 949 3458 scriptis
973 3361 1075 3434 hau-

62 3501 243 3584 riuntur,
262 3523 337 3571 nos
364 3497 502 3571 forsan
525 3522 597 3569 nec
617 3497 817 3580 meliores,
839 3519 911 3567 nec
932 3479 1074 3592 majori

64 3635 270 3731 sapientia
284 3633 348 3708 vel
367 3640 506 3726 mente
527 3634 656 3729 magis
677 3653 776 3705 sana
796 3629 991 3726 praeditos
1014 3631 1077 3700 in-

64 3771 238 3841 veniret.
255 3768 322 3841 Ad
331 3769 494 3864 optima
515 3791 611 3839 suae
631 3764 797 3839 tendere
829 3763 1019 3835 videmur
1039 3774 1079 3836 et

63 3904 196 3976 elatos
214 3926 359 3975 sensus
378 3902 631 3974 affectamus.
651 3901 820 3972 Stellam
842 3921 987 3993 nempe
1011 3922 1079 3970 no·
