2678 4718
595 330 736 383 ..92-

158 471 357 554 semetipsis
372 474 421 534 ita
444 471 636 554 loquuntur
659 478 832 532 auctores
849 467 1048 549 Aliquoties
1065 462 1174 527 etiam

157 588 215 651 ille
233 587 346 672 prima
359 588 508 670 persona
532 588 646 649 utitur
670 590 706 648 et
722 613 737 640 ι
753 605 818 670 epo
831 583 903 668 ipae
931 610 946 637 »
973 584 1034 656 ait,
1062 597 1173 662 quum

157 704 345 769 nonnullas
357 724 414 767 res
427 703 616 786 alosepho
630 708 749 785 gestas
773 702 1036 766 commemorat.
1056 694 1113 758 Sit
1139 692 1175 759 iu

85 799 91 806 ¹
157 821 355 906 exemplum
370 840 509 884 carmen
523 817 643 883 istud:

285 1010 328 1062 Te
341 1024 432 1061 sacrae
447 1012 597 1060 assument
609 1008 686 1060 acies
702 1007 859 1075 diuaeque
872 1005 957 1067 bella,

158 1175 213 1237 cui
229 1172 352 1236 notula
364 1171 568 1255 subjicitur:
587 1171 769 1255 «Propter
791 1170 971 1236 dominum
995 1171 1176 1252 suscepta,

159 1310 194 1372 q.
210 1289 245 1352 d.
260 1290 296 1351 in
310 1287 433 1350 maiori
450 1286 626 1351 uolumine
652 1307 731 1350 meo
747 1288 789 1351 de
803 1288 979 1352 anthiocia
990 1286 1050 1349 ubi
1066 1283 1179 1349 chris·

159 1404 262 1469 ticole
288 1423 368 1466 cum
395 1403 582 1487 gentilibus
620 1424 819 1488 pugnauere
844 1405 888 1468 de
912 1403 1077 1485 laudibus
1103 1399 1179 1466 tuis

160 1521 388 1586 sufficientius
408 1522 532 1585 dicam.
547 1546 564 1584 ι
579 1521 680 1606 Saepe
698 1523 803 1586 etiam
818 1522 972 1586 carmina
985 1540 1058 1584 non
1068 1523 1179 1584 iuter·

160 1643 330 1722 pretatur,
358 1636 420 1700 sed
447 1636 568 1721 potius
605 1637 759 1702 defendit
782 1643 948 1702 notarum
974 1643 1109 1710 auctor,
1142 1640 1180 1700 et

161 1772 270 1837 quum
283 1755 546 1836 iuterpretatur,
565 1759 639 1817 tam
654 1773 825 1818 caecarum
838 1759 982 1838 tamque
994 1751 1179 1837 perplexa-

159 1890 240 1934 rum
264 1869 517 1934 sententiarum
540 1871 790 1935 obscuritatem
811 1870 997 1954 aliquoties
1021 1870 1178 1947 discutit,

66 2054 71 2085 ;
159 1990 201 2051 ut
214 1985 321 2050 alium
343 2004 555 2070 quemquam
572 1990 701 2069 praeter
718 1987 834 2071 ipsum
858 1991 1031 2070 poematis
1053 1991 1180 2051 aucto·

44 2084 61 2161 ᾖ
87 2088 113 2133 ·’·
161 2122 247 2179 rem,
263 2121 303 2166 ea
318 2101 501 2185 scripsisse
525 2101 586 2164 vix
613 2102 751 2167 credere
768 2123 922 2187 possem.
943 2104 1062 2180 Quum
1083 2101 1180 2165 enim

162 2219 206 2283 de
217 2218 330 2303 prima
344 2222 420 2282 rate
432 2216 613 2301 Josephus
625 2218 676 2282 ait
692 2239 700 2280 :

753 2375 802 2426 Nil
815 2374 865 2425 illa
879 2371 1021 2439 superbit,

284 2461 350 2512 Non
364 2474 438 2512 auro
454 2476 577 2528 superos
588 2463 673 2522 laesit.
692 2479 752 2514 non
767 2464 891 2530 rupibus
907 2477 1021 2522 aurum,

160 2615 203 2678 de
221 2613 337 2677 verbis
357 2633 364 2673 :
380 2640 395 2669 ι
413 2632 485 2676 non
499 2617 644 2699 rupibus
659 2637 783 2681 aurum
795 2646 809 2672 ι
825 2618 945 2680 scribit
958 2616 1018 2700 qui
1032 2615 1178 2679 notulas

161 2729 386 2813 composuit:
406 2751 423 2788 c
445 2752 587 2809 aurum,
603 2733 639 2796 id
660 2739 716 2797 est
736 2754 861 2797 aureas
884 2733 1029 2797 deorum
1051 2735 1180 2816 imagi·

160 2866 235 2922 nes,
252 2845 330 2908 illas
343 2845 507 2910 illidendo
519 2848 681 2932 scopulis.
699 2876 714 2903 »

204 2963 293 3040 Quae
300 2982 409 3047 quum
417 2963 466 3028 ita
474 2965 557 3042 sint,
565 2964 715 3049 plurima
724 2967 839 3030 exhoc
849 2966 978 3051 scripto
985 2965 1177 3049 accipimus

161 3080 204 3143 de
228 3079 413 3157 Balduino,
437 3081 480 3145 de
499 3081 638 3145 Henrici
661 3083 694 3146 ll
708 3083 779 3147 filio
800 3088 836 3147 et
854 3082 897 3147 de
913 3082 1175 3167 archiepiscopo

160 3200 232 3279 qui,
249 3196 562 3272 auteBalduinum‚
580 3199 867 3265 Cantuariensem
882 3200 999 3264 sedem
1026 3219 1178 3282 occupa·

157 3312 221 3378 vit.
248 3311 350 3377 Hunc
372 3316 477 3377 tectis
495 3313 612 3377 verbis
629 3316 808 3394 (hactenus
834 3337 905 3380 non
922 3317 1175 3400 interpretatis)

159 3428 422 3513 vituperaverat
432 3429 622 3513 ‚Iosephus
637 3432 756 3496 dicens
773 3454 781 3497 τ

331 3651 339 3667 .
450 3581 578 3634 Venales
594 3585 729 3651 quisquis
741 3588 864 3636 venatur
880 3585 1019 3647 honores,

285 3662 370 3714 Unde
379 3667 446 3714 ruat
458 3664 591 3716 tabulata
606 3665 710 3726 struit3
723 3667 828 3733 premit
844 3668 917 3719 ultio
933 3683 1025 3719 noxas

285 3742 369 3793 Tunc
383 3745 508 3808 gravior,
524 3761 591 3796 cum
607 3745 692 3796 tarda
706 3748 796 3806 venit,
813 3752 867 3798 etc.
