2678 4718
601 413 735 464 -m-
799 388 804 396 ’

157 575 258 627 scm.
282 554 457 626 Perinde
485 555 552 626 illc
576 563 713 629 noster
742 579 909 631 carmen
930 581 1053 631 suum
1079 581 1177 629 cou-

86 726 88 729 ·
156 688 263 761 didit
299 695 422 786 atque
464 690 534 761 alii
564 689 747 785 ejusdem
786 693 984 788 temporis
1027 687 1172 790 poetae',

158 825 243 919 qui,
279 847 411 921 quum
443 825 660 897 historiam
692 827 865 899 scribere
899 827 1175 924 simulatque

159 979 325 1030 carmen
359 982 523 1030 exarare
553 960 826 1044 intenderent,
861 970 954 1034 tum
987 986 1011 1032 a
1038 962 1175 1056 'primo

72 1168 74 1178 ‚
159 1092 340 1174 exordio,
360 1117 445 1166 rem
460 1092 513 1164 ad
532 1094 728 1168 ultimum
746 1119 888 1168 casum
899 1089 1120 1167 ducebant.

207 1227 272 1296 Ab
307 1251 380 1298 ooo
411 1231 549 1323 itaque
582 1229 726 1325 incipit
757 1230 977 1324 Josephus,
1012 1230 1178 1300 Jasonis

158 1361 428 1456 Herculisque
456 1360 706 1435 facinoribus
745 1362 862 1435 nobis
900 1371 996 1436 aute
1034 1363 1173 1462 oculos

161 1497 342 1588 primum
363 1497 521 1590 positis.
539 1497 655 1568 Nihil
677 1496 851 1591 proiecto
868 1498 1081 1570 brevitatis
1101 1503 1179 1569 aut'

159 1631 371 1725 elegantiae
400 1638 473 1705 aut
503 1633 797 1704 convenientiae
812 1639 934 1704 causa
974 1633 1176 1703 omitten-

163 1763 280 1846 dum;
299 1764 403 1836 nihil
423 1766 544 1859 plane
560 1789 715 1838 vanum
738 1765 789 1838 ad
820 1766 1050 1839 ornandam
1079 1773 1176 1840 tan-

162 1907 255 1971 tum
270 1901 483 1972 materiem
504 1898 740 1972 addendum
756 1902 983 1974 existimat:
1002 1901 1181 1974 minime

163 2035 276 2107 enim
297 2035 417 2129 nugis
433 2033 499 2106 ilie
516 2033 725 2131 indulgere
746 2043 905 2129 poterat
924 2037 995 2133 qui
1015 2060 1178 2106 sacram

167 2166 253 2239 veri
266 2166 390 2266 fidem
414 2166 492 2244 sibi
517 2167 683 2239 Musam
704 2169 891 2266 elegerat.
923 2171 1030 2241 «Bis
1058 2169 1178 2242 adac-

164 2309 253 2375 tam
286 2300 470 2377 cladibus
502 2298 645 2374 urbem
682 2331 698 2369 »
737 2302 1029 2386 celebraturus,
1066 2326 1177 2399 quae·

167 2458 342 2532 cumque
357 2434 409 2506 ad
422 2435 622 2533 Trojanos
636 2459 753 2509 casus
772 2436 1014 2534 Graecosque
1030 2436 1178 2508 trium-

165 2571 270 2667 phos
299 2568 480 2667 quodam
497 2569 617 2640 modo
637 2570 883 2664 pertineant,
901 2593 947 2641 ea
962 2571 1177 2642 accuratis-

164 2706 266 2792 sime
282 2710 497 2778 memorat.
516 2703 743 2775 Historiam
759 2710 798 2775 et
813 2706 899 2799 ipse
918 2703 1177 2776 scribendam

163 2839 241 2912 sibi
256 2844 544 2937 proposuerat:
566 2837 769 2933 poeticam
800 2862 910 2922 sane,
950 2847 992 2914 at
1024 2837 1178 2912 tabuiis,

164 2995 394 3072 nunquam,
411 2971 480 3043 sed
494 2971 713 3068 ipsissimis
729 2978 883 3057 contra,
903 2973 1007 3044 mihi
1027 2975 1061 3044 si
1094 2998 1179 3045 ver-

164 3109 261 3183 bum
277 3105 526 3189 conceditur,
544 3103 662 3176 factis
674 3103 1016 3204 vividissimoque
1031 3104 1177 3177 huma-

164 3267 312 3317 narum
343 3265 481 3316 rerum
531 3246 849 3338 nostrorumque
879 3240 1069 3317 dolorum
1104 3247 1177 3315 aut

163 3380 401 3453 laetitiarum
418 3401 553 3458 sensu,
573 3375 815 3482 jucundam.

214 3541 231 3582 a
261 3512 303 3585 Si
321 3513 384 3583 vis
406 3535 470 3582 me
504 3509 599 3581 flere
626 3509 850 3582 dolendum
871 3517 953 3593 est;
979 3538 995 3579 >l
1026 3509 1177 3585 doluit-

162 3675 241 3749 que
260 3647 466 3743 Josephus
485 3667 616 3741 quum
645 3645 689 3715 in
719 3644 865 3719 mediis
882 3645 1036 3727 ‘armis
1068 3645 1176 3718 inter

138 3785 314 3858 milites
334 3791 374 3854 et
389 3803 528 3877 equos,
566 3802 636 3873 per
663 3785 809 3861 castra,
845 3801 914 3875 per
947 3777 1089 3851 urbem
1121 3780 1177 3850 la-

161 3924 398 4014 crymantes
436 3905 661 4009 pugnantis
698 3914 774 3984 viri
814 3919 854 3984 et
888 3919 1102 4006 parentem
1136 3922 1176 3985 et
