2678 4718
538 385 542 391 ’
597 435 632 447 -
652 410 686 458 aa
703 434 740 445 -

158 566 327 619 uxorem
344 553 383 620 et
391 547 521 619 filiam
530 545 731 643 depinxit.
743 546 863 640 Quod
880 548 1022 620 sivero
1038 546 1174 642 Virgi-

158 681 279 754 lianae
294 690 366 754 aut
382 683 621 756 Horatianae
634 682 796 755 dicendi
814 682 955 756 formae
972 681 1172 754 memoria

161 814 278 888 nobis
309 816 478 912 Josephi
504 840 669 890 carmen
696 817 927 914 legentibus
953 816 1173 914 haudqua-

159 976 286 1049 quam
302 954 491 1037 occurrit,
509 976 604 1026 eum
635 954 717 1027 illis
744 958 885 1026 tamen
915 955 959 1025 in
988 953 1055 1025 his
1071 976 1175 1026 non·

160 1110 374 1185 nunquam
410 1086 584 1160 conferri
617 1093 753 1183 potest
793 1088 947 1185 quibus
992 1088 1173 1161 maxime
1247 1158 1249 1168 ,

159 1226 378 1317 praestant:
402 1223 567 1318 ingenio
588 1223 740 1294 scilicet
759 1226 801 1295 et
821 1229 972 1296 mente.

182 1434 185 1439 ,
208 1357 351 1458 Neque
373 1356 498 1430 etiam
517 1363 703 1430 veterum
723 1379 845 1453 opera
865 1357 984 1447 plane
1008 1358 1175 1453 ignora-

160 1490 244 1573 bat,
273 1513 371 1563 nam
385 1491 577 1564 imitandi
593 1491 732 1566 studio
747 1492 966 1589 aliquoties
979 1491 1169 1565 indulsit.

162 1624 384 1699 Sententiae
404 1626 594 1724 quaedam
615 1634 656 1700 et
669 1626 793 1700 verba
808 1628 964 1723 passim
989 1627 1033 1699 in
1057 1626 1175 1700 libris

162 1759 249 1856 ejus
280 1784 422 1858 sparsa
448 1786 543 1836 eum
573 1763 845 1861 pristinorum
875 1761 1176 1858 exemplarium

161 1894 273 1968 haud
288 1896 574 1970 immemorem
588 1895 862 1969 testificantur
877 1920 886 1968 :
910 1895 1032 1969 Statii
1048 1896 1176 1968 vesti·

161 2031 227 2126 gia
242 2054 349 2127 saepe
363 2032 549 2128 sequitur
559 2030 660 2104 dum
672 2030 901 2128 Virgiliana
917 2030 960 2103 in
973 2029 1040 2104 his
1052 2028 1179 2103 verba

163 2166 453 2262 agnoscimus:

755 2325 982 2410 Fugientibus
997 2342 1118 2409 aequor

162 2422 280 2488 Altius
295 2423 461 2488 intumuit
477 2422 644 2509 tractique
662 2424 697 2487 in
713 2423 829 2488 littore
844 2425 972 2488 fluctus

162 2518 348 2585 Intonuere
367 2520 480 2586 simul.
501 2523 661 2586 Proculo
678 2523 798 2607 procul
818 2523 864 2586 ite
882 2522 1074 2607 prophani!

161 2619 242 2683 Non
253 2619 333 2684 licet
345 2620 380 2682 in
396 2625 555 2685 sanctum
570 2641 648 2685 cum
660 2622 777 2704 praedat
792 2621 933 2687 tendere
947 2625 1097 2704 pontum
1112 2627 1135 2687 ¹.

163 2766 461 2871 notissimaque
487 2765 650 2863 Virgilii
685 2791 816 2853 more,
853 2748 909 2839 de'·
936 2773 1178 2864 suscepturo

163 2900 317 2976 bellum
347 2901 519 2975 Hercule
549 2901 647 2975 dicit
676 2928 684 2974 :

205 3062 308 3126 Haud
324 3082 424 3126 secus
437 3060 577 3125 exilium
596 3048 706 3145 gratae
721 3062 911 3146 dequestus
929 3083 1042 3127 arenae

164 3161 325 3226 Armenti
346 3164 505 3243 princeps
520 3160 682 3225 lunatum
701 3162 806 3223 robur
823 3162 859 3222 in
873 3180 979 3224 ornos

163 3261 317 3343 Asperat
332 3258 498 3344 objectas,
514 3264 549 3323 et
562 3279 599 3322 se
616 3278 835 3342 praemensus
849 3257 884 3321 in
899 3260 1038 3324 hostem

165 3358 247 3421 Otia
261 3358 347 3422 dura
366 3363 465 3441 gerit,
490 3365 524 3422 et
538 3356 659 3441 praelia
675 3356 819 3440 pulchra
835 3358 977 3441 figurat,

165 3457 293 3520 Fronte
309 3457 438 3536 furens,
452 3457 642 3540 pulsusque
657 3454 766 3539 pudet
780 3475 852 3518 non
862 3456 1019 3541 frangere
1039 3457 1178 3542 sylvas;

165 3553 248 3619 Inde
262 3560 339 3619 toro
360 3555 500 3619 meliore
521 3553 620 3631 redit,
641 3560 862 3638 veteremque
883 3557 1058 3643 repulsam

165 3653 357 3728 Excusans‚
374 3658 486 3718 victor
499 3656 621 3736 regnat
642 3652 808 3734 lauroque
830 3655 1017 3737 superbit&

202 3862 209 3894 ι
223 3844 285 3897 Lib.
303 3847 323 3907 l,
342 3860 415 3894 vers.
431 3843 488 3894 tta.

200 3945 286 3996 ritib.
304 3947 324 4005 l,
343 3959 416 3993 vers.
429 3941 484 3994 290,
