2678 4718
289 1859 348 1932 Eo
360 1864 542 1956 tempore
555 1883 638 1958 quo
654 1858 891 1933 fabularum
905 1858 1073 1933 illarum
1087 1857 1273 1931 maxime

255 1992 418 2091 vigebat
433 1994 617 2067 studium
635 2018 644 2079 ;
662 2016 793 2091 quum
807 1994 852 2066 in
872 1993 1020 2078 Gallia,
1037 1994 1081 2065 in
1101 1992 1275 2066 Germa·
1325 2023 1329 2033 ¹

66 2112 68 2117 ¹
151 2195 153 2199 ,
255 2126 338 2212 nia,
358 2126 550 2212 initalia,
572 2128 616 2200 in
634 2126 800 2224 Anglii,
832 2125 1033 2224 ejusmodi
1063 2127 1273 2200 narratio-

257 2259 394 2346 nibus,
416 2265 456 2334 et
477 2260 644 2334 clericus
665 2261 708 2333 in
728 2262 993 2346 monasterio,
1016 2267 1056 2335 et
1075 2283 1200 2360 eques
1221 2261 1270 2333 in

256 2394 422 2468 castello
437 2401 478 2468 et
498 2394 611 2491 plebs
640 2397 684 2468 in
703 2393 790 2469 foro
807 2395 985 2493 publico,
1008 2394 1272 2475 delectaban-

254 2535 337 2616 tur,
355 2529 502 2603 saeculo
515 2530 610 2611 XII.
631 2532 675 2603 iu
690 2530 889 2617 Devenit,
905 2531 930 2604 J
933 2530 1116 2627 osephus
1130 2535 1275 2602 noster

255 2668 377 2737 natus
391 2664 598 2738 est¹.Iscae
609 2666 806 2762 primum,
820 2664 1084 2738 humaniores
1105 2663 1270 2736 litteras

255 2797 382 2871 coluit
401 2803 548 2872 etcum
561 2797 781 2885 Balduino,
799 2799 926 2896 stirpe
937 2797 1124 2896 ignobili,
1142 2797 1186 2868 in
1203 2818 1271 2869 co·

255 2932 349 3006 dem
368 2933 456 3006 loco
476 2937 586 3008 ort0¹
605 2933 835 3032 litterisque
854 2934 944 3031 ipso
975 2933 1227 3030 peritissimo
1241 2949 1267 3017 ³,

288 3142 298 3176 ¹
313 3159 327 3185 a
344 3137 490 3206 Josephus
506 3137 653 3192 Devonius
670 3139 733 3191 sive
748 3139 877 3201 Iscanus,
893 3139 941 3190 vel
955 3137 1167 3189 Excestriensis
1183 3139 1274 3189 natus

256 3220 349 3271 estin
372 3220 543 3273 Devonia....
563 3220 614 3272 sed
633 3219 773 3273 educatus
794 3224 839 3272 est
862 3221 940 3281 lscae,
957 3217 1075 3268 civitate
1088 3217 1275 3271 coruwalliae

256 3316 308 3352 seu
325 3300 480 3353 Cornubiaa
503 3316 570 3369 quae
591 3305 636 3353 est
656 3301 746 3352 altera
763 3315 831 3368 pars
847 3297 1089 3351 Damnoniorum.
1115 3318 1130 3346 a
1151 3297 1274 3350 Gerardi

255 3382 378 3435 Joannis
395 3382 502 3445 Vossii,
525 3383 560 3435 de
575 3381 734 3434 Historicis
748 3381 872 3441 Latinis,
888 3379 968 3431 Libri
985 3379 1032 3440 111,
1059 3378 1195 3446 Lugduni
1210 3378 1274 3431 Ba·

257 3469 395 3526 tavorum,
412 3464 483 3528 1651,
497 3465 534 3524 4⁰,
549 3462 598 3514 lib.
615 3463 635 3528 I,
654 3477 715 3529 cap.
731 3461 807 3522 LVI,
823 3474 887 3528 pag.
901 3461 955 3512 450.

287 3567 298 3600 2
313 3563 379 3614 Vid.
397 3563 528 3615 Thomas
540 3561 670 3626 Wright‚
686 3559 868 3626 Rioyraphia
881 3559 1066 3622 Britannica,
1081 3557 1274 3625 Anyto-Nor-

255 3659 323 3695 mau
336 3644 451 3697 Period.
470 3643 538 3695 1846.
552 3642 592 3707 8⁰,
610 3645 679 3695 tom.
695 3642 729 3705 11,
744 3654 810 3708 pag.
824 3640 879 3694 291.

287 3745 298 3778 ³
314 3743 463 3795 Permulta
478 3741 556 3792 enim
572 3739 697 3806 scripsit,
714 3738 794 3806 quod
808 3743 890 3792 notat
906 3737 1056 3791 Lelandus
1077 3738 1108 3790 in
1125 3739 1274 3792 Commen-

161 3856 164 3864 .
254 3824 340 3874 tariia
357 3824 419 3875 suis
448 3822 482 3874 de
513 3821 706 3888 scriptoribus
733 3820 913 3873 Britannicis
941 3821 1069 3884 (Ooeonii,
1100 3820 1181 3885 1709),
1206 3835 1272 3889 cap.

256 3903 393 3963 CXCVII,
411 3902 445 3954 dc
463 3901 575 3954 Thomu
590 3902 743 3963 Balduinu
754 3903 819 3969 pag.
837 3903 892 3953 223.
