2678 4718
657 396 742 451 ...56
761 426 797 436 -.

216 537 324 634 cepit
359 537 722 635 diligentissimum
748 541 833 612 veri
872 537 1118 636 assequendi
1143 544 1233 612 stu·

217 670 349 756 dium,
386 673 498 770 quod
542 674 652 773 apud
689 698 846 761 omnes,
888 676 1087 773 temporis
1125 674 1235 771 ejus·

217 805 326 892 dem,
367 809 584 906 scriptores
618 810 803 884 invenire
834 834 987 907 posses.
1010 808 1129 883 Istud
1159 833 1234 883 au·

214 947 299 1014 tem
327 943 528 1028 studium,
545 943 689 1026 fateor,
711 968 752 1016 se
772 944 921 1018 habere
951 945 1022 1018 isti
1043 945 1128 1041 ipsi·
1138 967 1233 1041 pro·

215 1076 463 1163 clamabant,
504 1079 576 1175 qui
614 1077 773 1152 fabulas
797 1078 850 1151 ad
878 1078 1046 1152 libitum
1079 1076 1233 1153 fabulis

216 1210 363 1285 addere
391 1214 496 1296 ausi,
526 1212 721 1285 mirificas
749 1212 991 1300 Alexandri,
1012 1212 1147 1290 Caroli
1165 1211 1233 1284 vel

215 1347 405 1438 Arthuri,
425 1346 722 1444 benignissimo
742 1349 896 1433 lectori,
914 1348 1126 1432 historias,
1148 1369 1232 1420 cre·

215 1482 431 1556 dulissimo
479 1483 734 1581 accipiendas
768 1484 922 1569 animo,
957 1481 1227 1557 adhibebant.

216 1616 280 1689 Illi
295 1621 451 1701 tamen,
468 1639 600 1715 quum
620 1617 831 1692 Christum
854 1618 996 1703 colere,
1014 1616 1175 1714 precari
1191 1623 1232 1690 et

130 1742 137 1751 ’
213 1754 398 1826 venerari
419 1754 610 1838 solerent,
627 1776 711 1825 non
725 1759 918 1851 poterant
933 1754 1035 1850 quin
1057 1777 1081 1825 a
1095 1751 1230 1849 poetis

213 1885 492 1973 abhorrerent,
515 1889 584 1986 qui
614 1888 710 1961 deos
735 1889 842 1961 inter
876 1888 1064 1962 homines
1094 1887 1228 1959 vitam

213 2031 392 2122 agentes,
405 2025 448 2096 in
461 2022 654 2096 mortales
670 2029 914 2120 pugnantes,
933 2021 1126 2119 orbisque
1143 2025 1227 2093 ter-

107 2200 109 2205 *
212 2158 446 2234 rarumfata
460 2163 646 2254 regentes
661 2157 924 2231 induxerant.
943 2157 1058 2232 Istud
1071 2153 1229 2253 profec-

215 2301 258 2368 to
270 2293 442 2368 minime
468 2291 785 2367 desiderandum
806 2275 1027 2368 censebant
1045 2298 1226 2388 tempus,

636 2465 681 2527 ou
697 2462 727 2526 le
740 2461 801 2526 ciel
818 2482 878 2526 sur
891 2462 925 2526 la
939 2467 1030 2527 terre

266 2562 446 2671 ‘Marchait
456 2571 491 2627 et
506 2562 667 2646 respirait
681 2562 769 2625 dans
788 2582 835 2626 un
848 2560 970 2645 peuple
986 2560 1027 2623 de
1042 2560 1165 2632 dieux;

216 2727 506 2816 auctoremque
526 2740 684 2791 vanum
704 2712 934 2792 Homerum
954 2715 1174 2790 ducebant.
1189 2719 1230 2788 A

215 2856 438 2930 Benedicto
458 2855 583 2952 igitur
596 2862 752 2943 nostro,
774 2860 990 2927 accusatus
1006 2859 1066 2926 est
1085 2853 1229 2938 Poeta,

215 2991 327 3090 quod
341 2963 482 3064 fictam
500 2991 639 3066 lectori
668 2990 860 3064 fictorum
881 2991 1105 3062 numinum
1120 3009 1229 3084 prae·

216 3129 374 3203 buisset
393 3096 637 3224 imaginem
667 3150 739 3198 nee
758 3148 852 3198 vera
881 3125 1043 3220 assequi
1065 3121 1233 3220 ¹potuis-

219 3271 292 3349 set,
323 3284 454 3360 quum
479 3263 623 3336 multis
652 3261 773 3333 annis
799 3258 932 3356 Trojae
965 3264 1060 3356 post
1088 3280 1231 3330 casum

219 3399 402 3485 vixisset,

321 3568 388 3631 Car
401 3568 479 3630 bien
494 3586 643 3630 scauons
658 3583 740 3628 sanz
756 3563 815 3626 nul
829 3565 942 3646 espoir

321 3666 388 3744 Q’u
401 3687 444 3730 ne
457 3667 494 3730 fu
507 3669 587 3750 pius
602 3664 644 3727 de
659 3683 676 3726 c
690 3682 755 3726 ans
768 3663 830 3726 ne'e

321 3765 387 3842 Q'li
403 3785 508 3850 grans
520 3767 578 3827 ost
591 3762 629 3826 fu
643 3759 862 3825 assemblee¹.

253 3942 262 3975 ¹
278 3935 344 3988 Vid.
361 3935 430 3989 Cod.
444 3937 475 3986 60
487 3935 516 3986 in
532 3933 678 3986 Nationali
694 3931 885 3992 Bibliothecd,
900 3931 949 3982 fol.
965 3929 1121 3992 42,v0,c01.
1138 3930 1161 3979 1.
