<?xml version="1.0" encoding="UTF-8"?>
<!DOCTYPE html PUBLIC "-//W3C//DTD XHTML 1.0 Transitional//EN"
    "http://www.w3.org/TR/xhtml1/DTD/xhtml1-transitional.dtd">
<html xmlns="http://www.w3.org/1999/xhtml" xml:lang="en" lang="en">
 <head>
  <title>
</title>
<meta http-equiv="Content-Type" content="text/html;charset=utf-8" />
  <meta name='ocr-system' content='tesseract 3.04.00' />
  <meta name='ocr-capabilities' content='ocr_page ocr_carea ocr_par ocr_line ocrx_word'/>
</head>
<body>
  <div class='ocr_page' id='page_1' title='image "./dejosephoexonie00jussgoog_0015.png"; bbox 0 0 2678 4718; ppageno 0'>
   <div class='ocr_carea' id='block_1_1' title="bbox 601 449 726 500">
    <p class='ocr_par' dir='ltr' id='par_1_1' title="bbox 601 449 726 500">
     <span class='ocr_line' id='line_1_1' title="bbox 601 449 726 500; baseline 0 -15"><span class='ocrx_word' id='word_1_1' title='bbox 601 449 726 500; x_wconf 75' lang='lat'>..8-</span> 
     </span>
    </p>
   </div>
   <div class='ocr_carea' id='block_1_2' title="bbox 158 582 1175 929">
    <p class='ocr_par' dir='ltr' id='par_1_2' title="bbox 158 582 1175 929">
     <span class='ocr_line' id='line_1_2' title="bbox 158 582 1171 686; baseline 0.002 -27"><span class='ocrx_word' id='word_1_2' title='bbox 158 582 314 659; x_wconf 92' lang='lat' dir='ltr'>Lucani</span> <span class='ocrx_word' id='word_1_3' title='bbox 343 586 514 660; x_wconf 88' lang='lat' dir='ltr'>Statiive</span> <span class='ocrx_word' id='word_1_4' title='bbox 544 588 740 673; x_wconf 77' lang='lat' dir='ltr'>inventia,</span> <span class='ocrx_word' id='word_1_5' title='bbox 762 589 1016 663; x_wconf 87' lang='lat' dir='ltr'>Martialisve</span> <span class='ocrx_word' id='word_1_6' title='bbox 1031 591 1171 686; x_wconf 89' lang='lat' dir='ltr'>nugis,</span> 
     </span>
     <span class='ocr_line' id='line_1_3' title="bbox 158 720 1175 819; baseline 0.002 -27"><span class='ocrx_word' id='word_1_7' title='bbox 158 720 325 817; x_wconf 87' lang='lat' dir='ltr'>longum</span> <span class='ocrx_word' id='word_1_8' title='bbox 353 721 652 819; x_wconf 79' lang='lat' dir='ltr'>aliquantisper</span> <span class='ocrx_word' id='word_1_9' title='bbox 665 722 846 796; x_wconf 90' lang='lat' dir='ltr'>dolorem</span> <span class='ocrx_word' id='word_1_10' title='bbox 861 723 1029 807; x_wconf 88' lang='lat' dir='ltr'>oblitus,</span> <span class='ocrx_word' id='word_1_11' title='bbox 1045 722 1175 795; x_wconf 91' lang='lat' dir='ltr'>delec-</span> 
     </span>
     <span class='ocr_line' id='line_1_4' title="bbox 158 852 338 929; baseline 0 -2"><span class='ocrx_word' id='word_1_12' title='bbox 158 852 338 929; x_wconf 86' lang='lat' dir='ltr'>tabatur.</span> 
     </span>
    </p>
   </div>
   <div class='ocr_carea' id='block_1_3' title="bbox 205 989 1176 1089">
    <p class='ocr_par' dir='ltr' id='par_1_3' title="bbox 205 989 1176 1089">
     <span class='ocr_line' id='line_1_5' title="bbox 205 989 1176 1089; baseline 0.005 -28"><span class='ocrx_word' id='word_1_13' title='bbox 205 989 262 1062; x_wconf 82' lang='lat' dir='ltr'>At</span> <span class='ocrx_word' id='word_1_14' title='bbox 277 990 435 1063; x_wconf 90' lang='lat' dir='ltr'>civibus</span> <span class='ocrx_word' id='word_1_15' title='bbox 464 994 550 1065; x_wconf 91' lang='lat' dir='ltr'>suis</span> <span class='ocrx_word' id='word_1_16' title='bbox 572 992 623 1065; x_wconf 90' lang='lat' dir='ltr'>ab</span> <span class='ocrx_word' id='word_1_17' title='bbox 644 996 757 1066; x_wconf 90' lang='lat' dir='ltr'>omni</span> <span class='ocrx_word' id='word_1_18' title='bbox 776 1000 889 1089; x_wconf 91' lang='lat' dir='ltr'>parte</span> <span class='ocrx_word' id='word_1_19' title='bbox 905 991 1000 1066; x_wconf 87' lang='lat' dir='ltr'>ficta</span> <span class='ocrx_word' id='word_1_20' title='bbox 1020 994 1063 1065; x_wconf 92' lang='lat' dir='ltr'>in</span> <span class='ocrx_word' id='word_1_21' title='bbox 1085 1018 1176 1066; x_wconf 89' lang='lat' dir='ltr'>car·</span> 
     </span>
    </p>
   </div>
   <div class='ocr_carea' id='block_1_4' title="bbox 157 1124 1176 1226">
    <p class='ocr_par' dir='ltr' id='par_1_4' title="bbox 157 1124 1176 1226">
     <span class='ocr_line' id='line_1_6' title="bbox 157 1124 1176 1226; baseline 0.003 -30"><span class='ocrx_word' id='word_1_22' title='bbox 157 1124 338 1198; x_wconf 88' lang='lat' dir='ltr'>minibus</span> <span class='ocrx_word' id='word_1_23' title='bbox 386 1128 564 1222; x_wconf 86' lang='lat' dir='ltr'>praebere</span> <span class='ocrx_word' id='word_1_24' title='bbox 610 1130 898 1226; x_wconf 55' lang='lat' dir='ltr'>n0n2semper</span> <span class='ocrx_word' id='word_1_25' title='bbox 949 1134 1176 1226; x_wconf 84' lang='lat' dir='ltr'>potuerunt</span> 
     </span>
    </p>
   </div>
   <div class='ocr_carea' id='block_1_5' title="bbox 155 1260 1220 3372">
    <p class='ocr_par' dir='ltr' id='par_1_5' title="bbox 155 1260 1220 3372">
     <span class='ocr_line' id='line_1_7' title="bbox 156 1260 1177 1360; baseline 0.003 -29"><span class='ocrx_word' id='word_1_26' title='bbox 156 1268 286 1355; x_wconf 80' lang='lat' dir='ltr'>poetae</span> <span class='ocrx_word' id='word_1_27' title='bbox 315 1285 322 1332; x_wconf 94' lang='lat'><strong>:</strong></span> <span class='ocrx_word' id='word_1_28' title='bbox 352 1260 412 1333; x_wconf 92' lang='lat' dir='ltr'>illi</span> <span class='ocrx_word' id='word_1_29' title='bbox 439 1264 563 1345; x_wconf 87' lang='lat' dir='ltr'>enim,</span> <span class='ocrx_word' id='word_1_30' title='bbox 603 1265 728 1335; x_wconf 89' lang='lat' dir='ltr'>etiam</span> <span class='ocrx_word' id='word_1_31' title='bbox 756 1288 886 1360; x_wconf 89' lang='lat' dir='ltr'>quum</span> <span class='ocrx_word' id='word_1_32' title='bbox 914 1265 1067 1348; x_wconf 90' lang='lat' dir='ltr'>vacuis,</span> <span class='ocrx_word' id='word_1_33' title='bbox 1105 1263 1177 1334; x_wconf 92' lang='lat' dir='ltr'>sed</span> 
     </span>
     <span class='ocr_line' id='line_1_8' title="bbox 156 1396 1177 1493; baseline 0.003 -27"><span class='ocrx_word' id='word_1_34' title='bbox 156 1396 348 1493; x_wconf 80' lang='lat' dir='ltr'><strong>gratiosis</strong></span> <span class='ocrx_word' id='word_1_35' title='bbox 369 1396 674 1470; x_wconf 76' lang='lat' dir='ltr'>narrationibus</span> <span class='ocrx_word' id='word_1_36' title='bbox 690 1399 850 1470; x_wconf 91' lang='lat' dir='ltr'>animos</span> <span class='ocrx_word' id='word_1_37' title='bbox 866 1398 1068 1471; x_wconf 85' lang='lat' dir='ltr'>oblectare</span> <span class='ocrx_word' id='word_1_38' title='bbox 1086 1405 1177 1469; x_wconf 85' lang='lat' dir='ltr'>ten·</span> 
     </span>
     <span class='ocr_line' id='line_1_9' title="bbox 156 1529 1220 1626; baseline 0.002 -24"><span class='ocrx_word' id='word_1_39' title='bbox 156 1529 317 1612; x_wconf 86' lang='lat' dir='ltr'>tabant,</span> <span class='ocrx_word' id='word_1_40' title='bbox 345 1531 478 1614; x_wconf 87' lang='lat' dir='ltr'>inviti,</span> <span class='ocrx_word' id='word_1_41' title='bbox 503 1531 699 1626; x_wconf 90' lang='lat' dir='ltr'>pristinos</span> <span class='ocrx_word' id='word_1_42' title='bbox 728 1555 862 1605; x_wconf 85' lang='lat' dir='ltr'>mores</span> <span class='ocrx_word' id='word_1_43' title='bbox 893 1533 937 1605; x_wconf 89' lang='lat' dir='ltr'>in</span> <span class='ocrx_word' id='word_1_44' title='bbox 966 1531 1071 1604; x_wconf 93' lang='lat' dir='ltr'>libro</span> <span class='ocrx_word' id='word_1_45' title='bbox 1099 1556 1177 1604; x_wconf 91' lang='lat' dir='ltr'>suo</span> <span class='ocrx_word' id='word_1_46' title='bbox 1217 1568 1220 1575; x_wconf 96' lang='lat'>·</span> 
     </span>
     <span class='ocr_line' id='line_1_10' title="bbox 155 1664 1167 1764; baseline 0.002 -28"><span class='ocrx_word' id='word_1_47' title='bbox 155 1666 326 1738; x_wconf 90' lang='lat' dir='ltr'>minime</span> <span class='ocrx_word' id='word_1_48' title='bbox 346 1664 636 1762; x_wconf 76' lang='lat' dir='ltr'>depingebant.</span> <span class='ocrx_word' id='word_1_49' title='bbox 655 1667 725 1738; x_wconf 91' lang='lat' dir='ltr'>Ille</span> <span class='ocrx_word' id='word_1_50' title='bbox 747 1669 871 1764; x_wconf 87' lang='lat' dir='ltr'>igitur</span> <span class='ocrx_word' id='word_1_51' title='bbox 887 1668 958 1764; x_wconf 92' lang='lat' dir='ltr'>qui</span> <span class='ocrx_word' id='word_1_52' title='bbox 974 1672 1167 1739; x_wconf 89' lang='lat' dir='ltr'>veterum</span> 
     </span>
     <span class='ocr_line' id='line_1_11' title="bbox 159 1801 1177 1899; baseline 0.002 -29"><span class='ocrx_word' id='word_1_53' title='bbox 159 1805 273 1896; x_wconf 85' lang='lat' dir='ltr'>gesta</span> <span class='ocrx_word' id='word_1_54' title='bbox 290 1815 453 1871; x_wconf 89' lang='lat' dir='ltr'>narrare</span> <span class='ocrx_word' id='word_1_55' title='bbox 468 1806 506 1873; x_wconf 87' lang='lat' dir='ltr'>et</span> <span class='ocrx_word' id='word_1_56' title='bbox 528 1801 732 1897; x_wconf 87' lang='lat' dir='ltr'>majorum</span> <span class='ocrx_word' id='word_1_57' title='bbox 753 1825 887 1874; x_wconf 90' lang='lat' dir='ltr'>mores</span> <span class='ocrx_word' id='word_1_58' title='bbox 906 1802 1061 1899; x_wconf 89' lang='lat' dir='ltr'>optime</span> <span class='ocrx_word' id='word_1_59' title='bbox 1076 1823 1177 1872; x_wconf 90' lang='lat' dir='ltr'>nos·</span> 
     </span>
     <span class='ocr_line' id='line_1_12' title="bbox 157 1933 1174 2033; baseline 0 -28"><span class='ocrx_word' id='word_1_60' title='bbox 157 1958 244 2006; x_wconf 88' lang='lat' dir='ltr'>cere</span> <span class='ocrx_word' id='word_1_61' title='bbox 277 1933 405 2030; x_wconf 91' lang='lat' dir='ltr'>cupit,</span> <span class='ocrx_word' id='word_1_62' title='bbox 432 1936 705 2031; x_wconf 81' lang='lat' dir='ltr'>¹antiquorum</span> <span class='ocrx_word' id='word_1_63' title='bbox 735 1943 952 2033; x_wconf 86' lang='lat' dir='ltr'>poetarum</span> <span class='ocrx_word' id='word_1_64' title='bbox 984 1934 1174 2007; x_wconf 91' lang='lat' dir='ltr'>carmina</span> 
     </span>
     <span class='ocr_line' id='line_1_13' title="bbox 158 2066 1175 2165; baseline 0 -27"><span class='ocrx_word' id='word_1_65' title='bbox 158 2091 241 2140; x_wconf 90' lang='lat' dir='ltr'>non</span> <span class='ocrx_word' id='word_1_66' title='bbox 256 2069 394 2140; x_wconf 88' lang='lat' dir='ltr'>minus</span> <span class='ocrx_word' id='word_1_67' title='bbox 414 2076 540 2165; x_wconf 85' lang='lat' dir='ltr'>quam</span> <span class='ocrx_word' id='word_1_68' title='bbox 556 2070 725 2140; x_wconf 89' lang='lat' dir='ltr'>annales</span> <span class='ocrx_word' id='word_1_69' title='bbox 745 2069 947 2165; x_wconf 85' lang='lat' dir='ltr'>perlegere</span> <span class='ocrx_word' id='word_1_70' title='bbox 967 2066 1099 2139; x_wconf 90' lang='lat' dir='ltr'>debet.</span> <span class='ocrx_word' id='word_1_71' title='bbox 1122 2069 1175 2139; x_wconf 92' lang='lat' dir='ltr'>ln</span> 
     </span>
     <span class='ocr_line' id='line_1_14' title="bbox 157 2192 1169 2298; baseline -0.002 -23"><span class='ocrx_word' id='word_1_72' title='bbox 157 2204 223 2275; x_wconf 92' lang='lat' dir='ltr'>his</span> <span class='ocrx_word' id='word_1_73' title='bbox 241 2192 352 2273; x_wconf 90' lang='lat' dir='ltr'>enim</span> <span class='ocrx_word' id='word_1_74' title='bbox 368 2203 550 2298; x_wconf 88' lang='lat' dir='ltr'>picturas</span> <span class='ocrx_word' id='word_1_75' title='bbox 568 2204 728 2276; x_wconf 84' lang='lat' dir='ltr'>invenit</span> <span class='ocrx_word' id='word_1_76' title='bbox 748 2202 801 2275; x_wconf 88' lang='lat' dir='ltr'>ad</span> <span class='ocrx_word' id='word_1_77' title='bbox 819 2203 962 2277; x_wconf 89' lang='lat' dir='ltr'>vivum</span> <span class='ocrx_word' id='word_1_78' title='bbox 982 2202 1169 2298; x_wconf 90' lang='lat' dir='ltr'>depictas</span> 
     </span>
     <span class='ocr_line' id='line_1_15' title="bbox 160 2336 1176 2435; baseline -0.001 -26"><span class='ocrx_word' id='word_1_79' title='bbox 160 2337 373 2434; x_wconf 90' lang='lat' dir='ltr'>multaque</span> <span class='ocrx_word' id='word_1_80' title='bbox 393 2336 567 2411; x_wconf 88' lang='lat' dir='ltr'>ediscere</span> <span class='ocrx_word' id='word_1_81' title='bbox 598 2343 733 2434; x_wconf 86' lang='lat' dir='ltr'>potest</span> <span class='ocrx_word' id='word_1_82' title='bbox 757 2361 850 2435; x_wconf 86' lang='lat' dir='ltr'>quae</span> <span class='ocrx_word' id='word_1_83' title='bbox 874 2339 949 2410; x_wconf 85' lang='lat' dir='ltr'>etsi</span> <span class='ocrx_word' id='word_1_84' title='bbox 979 2337 1176 2408; x_wconf 90' lang='lat' dir='ltr'>minutis-</span> 
     </span>
     <span class='ocr_line' id='line_1_16' title="bbox 158 2469 1173 2570; baseline -0.001 -27"><span class='ocrx_word' id='word_1_85' title='bbox 158 2473 263 2544; x_wconf 90' lang='lat' dir='ltr'>sima</span> <span class='ocrx_word' id='word_1_86' title='bbox 288 2470 479 2569; x_wconf 88' lang='lat' dir='ltr'>pleraque</span> <span class='ocrx_word' id='word_1_87' title='bbox 511 2478 549 2545; x_wconf 86' lang='lat' dir='ltr'>et</span> <span class='ocrx_word' id='word_1_88' title='bbox 570 2472 735 2544; x_wconf 90' lang='lat' dir='ltr'>inutilia</span> <span class='ocrx_word' id='word_1_89' title='bbox 772 2469 1023 2570; x_wconf 89' lang='lat' dir='ltr'>quibusdam</span> <span class='ocrx_word' id='word_1_90' title='bbox 1053 2470 1173 2566; x_wconf 90' lang='lat' dir='ltr'>prius</span> 
     </span>
     <span class='ocr_line' id='line_1_17' title="bbox 158 2603 1179 2699; baseline 0 -25"><span class='ocrx_word' id='word_1_91' title='bbox 158 2605 246 2676; x_wconf 88' lang='lat' dir='ltr'>visa</span> <span class='ocrx_word' id='word_1_92' title='bbox 263 2605 360 2686; x_wconf 86' lang='lat' dir='ltr'>sint,</span> <span class='ocrx_word' id='word_1_93' title='bbox 383 2612 504 2678; x_wconf 84' lang='lat' dir='ltr'>aetate</span> <span class='ocrx_word' id='word_1_94' title='bbox 523 2616 662 2679; x_wconf 88' lang='lat' dir='ltr'>tamen</span> <span class='ocrx_word' id='word_1_95' title='bbox 681 2612 834 2689; x_wconf 84' lang='lat' dir='ltr'>nostra,</span> <span class='ocrx_word' id='word_1_96' title='bbox 854 2631 876 2676; x_wconf 93' lang='lat' dir='ltr'>a</span> <span class='ocrx_word' id='word_1_97' title='bbox 897 2626 1035 2677; x_wconf 91' lang='lat' dir='ltr'>rerum</span> <span class='ocrx_word' id='word_1_98' title='bbox 1047 2603 1179 2699; x_wconf 92' lang='lat' dir='ltr'>scrip·</span> 
     </span>
     <span class='ocr_line' id='line_1_18' title="bbox 160 2736 1179 2839; baseline -0.003 -28"><span class='ocrx_word' id='word_1_99' title='bbox 160 2739 455 2837; x_wconf 81' lang='lat' dir='ltr'>toribusJustae</span> <span class='ocrx_word' id='word_1_100' title='bbox 479 2744 636 2814; x_wconf 78' lang='lat' dir='ltr'>notitiae</span> <span class='ocrx_word' id='word_1_101' title='bbox 657 2741 899 2839; x_wconf 86' lang='lat' dir='ltr'>dignissima</span> <span class='ocrx_word' id='word_1_102' title='bbox 925 2740 1072 2812; x_wconf 89' lang='lat' dir='ltr'>merito</span> <span class='ocrx_word' id='word_1_103' title='bbox 1102 2736 1179 2808; x_wconf 92' lang='lat' dir='ltr'>ha-</span> 
     </span>
     <span class='ocr_line' id='line_1_19' title="bbox 163 2870 1182 2973; baseline -0.001 -28"><span class='ocrx_word' id='word_1_104' title='bbox 163 2872 327 2948; x_wconf 89' lang='lat' dir='ltr'>bentur.</span> <span class='ocrx_word' id='word_1_105' title='bbox 366 2875 505 2966; x_wconf 88' lang='lat' dir='ltr'>Quum</span> <span class='ocrx_word' id='word_1_106' title='bbox 533 2878 659 2973; x_wconf 87' lang='lat' dir='ltr'>igitur</span> <span class='ocrx_word' id='word_1_107' title='bbox 696 2878 779 2972; x_wconf 72' lang='lat' dir='ltr'>iam</span> <span class='ocrx_word' id='word_1_108' title='bbox 814 2870 1072 2947; x_wconf 88' lang='lat' dir='ltr'>mirabilibus</span> <span class='ocrx_word' id='word_1_109' title='bbox 1105 2880 1182 2944; x_wconf 91' lang='lat' dir='ltr'>aut</span> 
     </span>
     <span class='ocr_line' id='line_1_20' title="bbox 163 3005 1180 3105; baseline -0.003 -25"><span class='ocrx_word' id='word_1_110' title='bbox 163 3007 264 3080; x_wconf 84' lang='lat' dir='ltr'>forte</span> <span class='ocrx_word' id='word_1_111' title='bbox 279 3009 418 3081; x_wconf 82' lang='lat' dir='ltr'>stultis</span> <span class='ocrx_word' id='word_1_112' title='bbox 431 3008 580 3082; x_wconf 87' lang='lat' dir='ltr'>fabulis</span> <span class='ocrx_word' id='word_1_113' title='bbox 602 3033 707 3083; x_wconf 88' lang='lat' dir='ltr'>nova</span> <span class='ocrx_word' id='word_1_114' title='bbox 726 3017 766 3082; x_wconf 86' lang='lat' dir='ltr'>et</span> <span class='ocrx_word' id='word_1_115' title='bbox 783 3031 890 3105; x_wconf 82' lang='lat' dir='ltr'>saepe</span> <span class='ocrx_word' id='word_1_116' title='bbox 911 3010 1058 3080; x_wconf 87' lang='lat' dir='ltr'>insana</span> <span class='ocrx_word' id='word_1_117' title='bbox 1082 3005 1180 3077; x_wconf 88' lang='lat' dir='ltr'>ficta</span> 
     </span>
     <span class='ocr_line' id='line_1_21' title="bbox 164 3140 1182 3241; baseline -0.003 -29"><span class='ocrx_word' id='word_1_118' title='bbox 164 3143 426 3228; x_wconf 83' lang='lat' dir='ltr'>inseruerint,</span> <span class='ocrx_word' id='word_1_119' title='bbox 447 3149 588 3241; x_wconf 89' lang='lat' dir='ltr'>poetas</span> <span class='ocrx_word' id='word_1_120' title='bbox 615 3169 639 3217; x_wconf 94' lang='lat' dir='ltr'>a</span> <span class='ocrx_word' id='word_1_121' title='bbox 657 3168 753 3218; x_wconf 88' lang='lat' dir='ltr'>vero</span> <span class='ocrx_word' id='word_1_122' title='bbox 777 3151 817 3216; x_wconf 87' lang='lat' dir='ltr'>et</span> <span class='ocrx_word' id='word_1_123' title='bbox 844 3167 963 3240; x_wconf 85' lang='lat' dir='ltr'>aequo</span> <span class='ocrx_word' id='word_1_124' title='bbox 998 3140 1182 3213; x_wconf 86' lang='lat' dir='ltr'>maxime</span> 
     </span>
     <span class='ocr_line' id='line_1_22' title="bbox 165 3271 1182 3372; baseline -0.003 -25"><span class='ocrx_word' id='word_1_125' title='bbox 165 3274 383 3349; x_wconf 88' lang='lat' dir='ltr'>abhorrere</span> <span class='ocrx_word' id='word_1_126' title='bbox 396 3278 589 3362; x_wconf 87' lang='lat' dir='ltr'>crederes,</span> <span class='ocrx_word' id='word_1_127' title='bbox 607 3285 699 3350; x_wconf 89' lang='lat' dir='ltr'>tum</span> <span class='ocrx_word' id='word_1_128' title='bbox 714 3280 854 3372; x_wconf 77' lang='lat' dir='ltr'>etiam,</span> <span class='ocrx_word' id='word_1_129' title='bbox 868 3279 902 3350; x_wconf 93' lang='lat' dir='ltr'>si</span> <span class='ocrx_word' id='word_1_130' title='bbox 922 3277 974 3348; x_wconf 90' lang='lat' dir='ltr'>ad</span> <span class='ocrx_word' id='word_1_131' title='bbox 992 3271 1182 3348; x_wconf 86' lang='lat' dir='ltr'>studium</span> 
     </span>
    </p>
   </div>
   <div class='ocr_carea' id='block_1_6' title="bbox 57 3408 1181 3506">
    <p class='ocr_par' dir='ltr' id='par_1_6' title="bbox 57 3408 1181 3506">
     <span class='ocr_line' id='line_1_23' title="bbox 57 3408 1181 3506; baseline -0.004 -25"><span class='ocrx_word' id='word_1_132' title='bbox 57 3442 60 3446; x_wconf 46' lang='lat'><strong><em>⁴</em></strong></span> <span class='ocrx_word' id='word_1_133' title='bbox 166 3408 223 3480; x_wconf 90' lang='lat' dir='ltr'>rei</span> <span class='ocrx_word' id='word_1_134' title='bbox 237 3432 400 3506; x_wconf 84' lang='lat' dir='ltr'>aequam</span> <span class='ocrx_word' id='word_1_135' title='bbox 416 3416 598 3481; x_wconf 89' lang='lat' dir='ltr'>mentem</span> <span class='ocrx_word' id='word_1_136' title='bbox 618 3412 857 3495; x_wconf 69' lang='lat' dir='ltr'>intenderis</span> <span class='ocrx_word' id='word_1_137' title='bbox 876 3435 945 3484; x_wconf 90' lang='lat' dir='ltr'>eos</span> <span class='ocrx_word' id='word_1_138' title='bbox 964 3429 1101 3480; x_wconf 87' lang='lat' dir='ltr'>rerum</span> <span class='ocrx_word' id='word_1_139' title='bbox 1123 3410 1181 3490; x_wconf 90' lang='lat' dir='ltr'>et,</span> 
     </span>
    </p>
   </div>
   <div class='ocr_carea' id='block_1_7' title="bbox 168 3541 1188 4048">
    <p class='ocr_par' dir='ltr' id='par_1_7' title="bbox 168 3541 1187 3911">
     <span class='ocr_line' id='line_1_24' title="bbox 168 3541 1185 3643; baseline -0.004 -28"><span class='ocrx_word' id='word_1_140' title='bbox 168 3548 215 3615; x_wconf 90' lang='lat' dir='ltr'>ut</span> <span class='ocrx_word' id='word_1_141' title='bbox 244 3543 303 3613; x_wconf 87' lang='lat' dir='ltr'>ita</span> <span class='ocrx_word' id='word_1_142' title='bbox 319 3541 453 3614; x_wconf 89' lang='lat' dir='ltr'>dicam</span> <span class='ocrx_word' id='word_1_143' title='bbox 475 3546 722 3641; x_wconf 70' lang='lat' dir='ltr'>‚aequalium</span> <span class='ocrx_word' id='word_1_144' title='bbox 744 3551 927 3643; x_wconf 89' lang='lat' dir='ltr'>ipsorum</span> <span class='ocrx_word' id='word_1_145' title='bbox 956 3541 1185 3636; x_wconf 86' lang='lat' dir='ltr'>imaginem</span> 
     </span>
     <span class='ocr_line' id='line_1_25' title="bbox 168 3675 1187 3764; baseline -0.002 -18"><span class='ocrx_word' id='word_1_146' title='bbox 168 3699 252 3748; x_wconf 88' lang='lat' dir='ltr'>non</span> <span class='ocrx_word' id='word_1_147' title='bbox 265 3675 424 3762; x_wconf 85' lang='lat' dir='ltr'>falsam,</span> <span class='ocrx_word' id='word_1_148' title='bbox 440 3678 509 3750; x_wconf 91' lang='lat' dir='ltr'>sed</span> <span class='ocrx_word' id='word_1_149' title='bbox 527 3704 681 3764; x_wconf 90' lang='lat' dir='ltr'>veram,</span> <span class='ocrx_word' id='word_1_150' title='bbox 693 3706 775 3753; x_wconf 88' lang='lat' dir='ltr'>non</span> <span class='ocrx_word' id='word_1_151' title='bbox 791 3681 929 3753; x_wconf 91' lang='lat' dir='ltr'>fictam</span> <span class='ocrx_word' id='word_1_152' title='bbox 943 3677 1013 3750; x_wconf 88' lang='lat' dir='ltr'>sed</span> <span class='ocrx_word' id='word_1_153' title='bbox 1026 3678 1187 3747; x_wconf 85' lang='lat' dir='ltr'>certam</span> 
     </span>
     <span class='ocr_line' id='line_1_26' title="bbox 170 3807 1185 3911; baseline 0.001 -31"><span class='ocrx_word' id='word_1_154' title='bbox 170 3807 290 3882; x_wconf 91' lang='lat' dir='ltr'>nobis</span> <span class='ocrx_word' id='word_1_155' title='bbox 326 3819 421 3884; x_wconf 85' lang='lat' dir='ltr'>ante</span> <span class='ocrx_word' id='word_1_156' title='bbox 440 3814 581 3886; x_wconf 91' lang='lat' dir='ltr'>oculos</span> <span class='ocrx_word' id='word_1_157' title='bbox 602 3818 785 3911; x_wconf 87' lang='lat' dir='ltr'>posuisse</span> <span class='ocrx_word' id='word_1_158' title='bbox 814 3814 929 3887; x_wconf 86' lang='lat' dir='ltr'>facile</span> <span class='ocrx_word' id='word_1_159' title='bbox 961 3808 1185 3904; x_wconf 76' lang='lat' dir='ltr'>intelliges·</span> 
     </span>
    </p>

    <p class='ocr_par' dir='ltr' id='par_1_8' title="bbox 221 3942 1188 4048">
     <span class='ocr_line' id='line_1_27' title="bbox 221 3942 1188 4048; baseline -0.003 -33"><span class='ocrx_word' id='word_1_160' title='bbox 221 3946 364 4042; x_wconf 88' lang='lat' dir='ltr'>Itaque</span> <span class='ocrx_word' id='word_1_161' title='bbox 388 3949 583 4044; x_wconf 86' lang='lat' dir='ltr'>permulti</span> <span class='ocrx_word' id='word_1_162' title='bbox 610 3951 716 4024; x_wconf 87' lang='lat' dir='ltr'>inter</span> <span class='ocrx_word' id='word_1_163' title='bbox 742 3950 918 4048; x_wconf 85' lang='lat' dir='ltr'>aequales</span> <span class='ocrx_word' id='word_1_164' title='bbox 948 3953 1109 4021; x_wconf 86' lang='lat' dir='ltr'>nostros</span> <span class='ocrx_word' id='word_1_165' title='bbox 1131 3942 1188 4014; x_wconf 92' lang='lat' dir='ltr'>ad</span> 
     </span>
    </p>
   </div>
   <div class='ocr_carea' id='block_1_8' title="bbox 0 0 1351 4718">
    <p class='ocr_par' dir='ltr' id='par_1_9' title="bbox 0 0 1351 4718">
     <span class='ocr_line' id='line_1_28' title="bbox 0 0 1351 4718; baseline 0 0"><span class='ocrx_word' id='word_1_166' title='bbox 0 0 1351 4718; x_wconf 95' lang='lat' dir='ltr'> </span> 
     </span>
    </p>
   </div>
  </div>
 </body>
</html>
