2678 4718
625 306 782 361 -lllll-

241 441 359 519 Quum
380 462 463 508 vero
481 445 659 530 scripserit
675 445 854 531 Josephus
877 450 1067 530 antequam
1090 462 1218 530 poema

201 577 305 622 suum
328 558 494 645 inceperit
518 562 737 641 Benedictus,
756 583 868 648 neque
887 561 1046 646 vestigiis
1065 560 1141 647 ejus
1163 560 1218 624 in·

201 675 296 758 gredi
310 679 427 760 potuit
440 677 596 757 Iscanus,
618 698 730 763 neque
753 679 1056 744 Benedictinarum
1082 677 1217 743 fabula·

200 810 279 857 rum
292 793 383 867 odio,
396 813 480 858 vera
491 796 604 881 solum
615 796 806 880 pandenda
822 795 884 859 sibi
899 814 1101 879 proponere.
1114 794 1218 872 Quod

152 991 155 998 1
199 927 282 974 vero
299 910 345 973 ad
362 911 419 975 illa
438 912 564 977 attinet
581 932 661 996 quae
683 915 880 977 communia
895 913 997 976 ambo
1017 918 1130 996 poetae
1149 911 1217 976 ha-

199 1027 295 1102 bent,
319 1029 449 1092 notabo
471 1033 611 1093 tanturn
636 1031 770 1107 ambos,
784 1030 878 1114 quod
897 1030 1067 1095 traditum
1087 1029 1215 1110 fuerat,

201 1148 328 1227 partim
340 1147 477 1210 locutos
491 1166 578 1211 esse.

241 1261 306 1325 His
333 1268 474 1327 tantum
498 1263 625 1327 addam
649 1269 828 1328 auctorem
851 1268 1016 1328 notamm
1042 1265 1154 1342 nobis,
1179 1263 1216 1326 in

200 1382 368 1462 prooemio
382 1380 544 1467 quodam,
555 1381 763 1446 indicavisse
777 1401 856 1465 quae
871 1400 977 1446 causa
993 1380 1097 1445 fuerit
1115 1398 1176 1444 cur
1194 1400 1215 1444 a

200 1496 355 1581 Josepho
368 1497 437 1562 tale
451 1518 540 1583 opus
553 1505 754 1583 susceptum
769 1498 834 1580 sit3
850 1499 946 1563 illam
963 1519 1045 1564 vero
1070 1519 1215 1564 causam

201 1613 338 1678 silentio
351 1615 688 1700 praetermittendam
700 1636 771 1680 non
784 1636 919 1692 censeo,
939 1636 1047 1701 quum
1064 1636 1216 1702 praeser-

201 1731 266 1794 tim
279 1729 382 1814 plane
398 1732 538 1817 propria
557 1735 603 1797 sit
617 1737 747 1798 aetatis.

246 1871 262 1909 r
293 1848 472 1913 Presentis
497 1853 646 1933 scriptor
668 1851 857 1915 uoluminis
880 1871 999 1916 ueram
1024 1849 1217 1915 euersionis

202 1965 303 2030 Troie
326 1965 508 2031 historiam
541 1967 719 2031 nonnullis
749 1970 965 2053 propositam
996 1971 1216 2033 coniecturus

203 2102 279 2146 earn
293 2083 459 2166 produxit
473 2085 508 2146 in
530 2083 718 2167 puplicum,
733 2084 917 2168 presertim
936 2105 1014 2150 curn
1031 2089 1132 2169 poete
1154 2102 1216 2146 ue-

202 2204 295 2263 teres
305 2219 420 2264 rerum
434 2204 612 2283 gestarum
627 2199 751 2293 seriem
766 2206 827 2264 aut
840 2206 1016 2265 mutatam
1031 2206 1094 2265 aut
1105 2199 1215 2262 imen-

204 2338 280 2380 sam
297 2322 359 2382 aut
381 2316 589 2379 diminutam
608 2314 845 2394 confuderint3
861 2316 963 2380 dares
982 2321 1101 2381 autem
1119 2314 1214 2400 phri-

204 2435 282 2517 gius
293 2433 353 2516 qui
367 2453 458 2496 unus
473 2432 776 2496 commilitantium
799 2433 927 2511 extitit,
949 2433 1010 2516 qui
1028 2437 1062 2497 et
1081 2435 1217 2517 primus

202 2551 345 2633 ysidoro
362 2554 516 2613 testante
531 2549 655 2632 legitur
671 2549 780 2613 fuisse
797 2549 1112 2632 historiographus,
1125 2550 1217 2611 hanc

204 2666 386 2730 historiam
404 2665 439 2727 in
453 2667 581 2748 papiris
597 2667 774 2748 scriptam,
796 2666 877 2729 stilo
890 2667 1056 2729 ueritatis
1074 2685 1215 2748 expres-

206 2782 263 2848 sit.
292 2780 473 2846 Cornelius
510 2801 592 2845 vero
619 2782 776 2846 Sallustii
817 2783 927 2865 Crispi
954 2782 1092 2864 Nepos¹
1128 2828 1216 2844 .......

206 2898 336 2965 daretis
357 2898 524 2980 scriptum
539 2898 573 2960 in
593 2897 745 2962 archiuis
765 2898 881 2987 atticis
904 2905 1078 2981 repertum
1101 2905 1219 2961 trans-

206 3016 298 3092 tulit,
323 3016 408 3082 illud
428 3035 565 3098 quoque
590 3015 670 3079 stilo
693 3015 802 3079 latino
827 3013 981 3098 prosaice
996 3018 1221 3098 prenotatam

207 3132 404 3226 aduunculo
420 3153 484 3196 suo
494 3132 695 3196 destinauit.
704 3131 846 3195 Tertius
859 3137 872 3168 ¹
887 3125 969 3194 uero
984 3131 1043 3214 qui
1058 3131 1222 3214 hocopus

208 3230 414 3333 conscripsit
435 3249 470 3311 in
484 3253 633 3313 metrum
662 3247 795 3330 redegit
818 3250 1049 3331 propositum,
1074 3250 1115 3311 ut
1145 3251 1218 3315 tam

238 3498 248 3533 ¹
265 3495 307 3545 De
316 3492 404 3545 modo
420 3507 477 3558 quo
493 3507 510 3542 a
525 3491 618 3557 poetis
628 3491 717 3556 hujus
728 3490 865 3556 temporis
878 3490 1010 3541 Sallustii
1020 3505 1111 3556 nepos
1125 3489 1222 3540 factus

207 3574 294 3626 fuerit
322 3572 472 3625 Cornelius
498 3574 605 3638 Nepos,
629 3569 696 3623 vide
717 3570 793 3636 Joly,
819 3570 923 3623 Benoit
948 3570 983 3623 de
1013 3569 1221 3623 sainte-More.

209 3657 281 3706 Pars
298 3657 320 3716 1,
332 3670 395 3722 pag.
415 3655 453 3706 84.

242 3739 253 3774 ²
268 3737 288 3786 1.
305 3750 329 3786 e.
347 3736 493 3802 Josephus
510 3734 689 3785 Exoniensis.
