2678 4718
595 375 737 427 ..10-

157 541 252 592 vam
280 542 361 615 qua
387 519 488 592 duce
510 539 664 589 novum
696 518 773 590 iter
795 515 1076 613 ingrediamur
1095 541 1174 590 nos

156 677 337 751 quaerere
371 653 537 738 dixeriS,
555 653 654 725 dum
676 652 814 724 moesti
834 652 1040 749 variisque
1066 653 1171 724 casi-

156 787 234 860 bus
253 787 410 874 afflicti,
433 787 572 860 omnia
594 788 748 859 incerta
768 785 963 883 fluxaque
980 810 1065 859 esse
1084 809 1173 858 cre·

158 923 310 1006 dimus,
343 923 510 995 illorum
541 908 706 994 Graeciae
742 921 806 995 vel
840 922 985 994 Romae
1017 921 1173 994 civium

157 1050 311 1139 romuli,
332 1057 418 1152 qui,
439 1055 610 1128 cadente
630 1056 777 1150 patria,
799 1060 839 1127 et
859 1055 1035 1150 priscam
1051 1079 1174 1152 proa-

158 1215 305 1266 vorum
334 1192 457 1265 fidem
478 1199 519 1265 et
551 1193 748 1265 virtutem
774 1193 1012 1265 amiserant.
1042 1191 1175 1263 Humi

159 1328 270 1400 enim
291 1328 440 1426 saepius
460 1327 564 1424 jacet
583 1325 735 1400 afflicta
749 1331 1035 1423 prostrataque
1056 1349 1176 1399 mens

159 1467 319 1547 nostra;
348 1460 547 1534 deficiunt
577 1459 698 1542 vires3
723 1461 857 1554 pauci,
884 1460 991 1532 inter
1019 1461 1176 1534 multos

159 1598 362 1683 homines,
377 1598 456 1669 viri
473 1594 640 1668 nomine
653 1593 781 1691 digni,
797 1596 869 1666 vix
885 1601 1175 1682 munerantur,

160 1756 292 1829 neque
336 1732 515 1827 amplius
549 1730 794 1827 intelligitur
826 1753 997 1803 avorum
1025 1731 1129 1804 illud
1165 1754 1175 1803 ε

161 1865 338 1938 Sursum
358 1864 495 1938 corda.
514 1864 635 1956 Quod
651 1866 685 1937 si
704 1865 930 1963 veroquid,
947 1867 1059 1939 hisce
1073 1872 1179 1939 tem·

159 2001 342 2099 poribus,
377 2000 520 2083 velint,
562 1998 742 2082 credant,
779 2000 962 2072 sentiant
996 2000 1178 2098 aequales

160 2136 289 2208 nostri
321 2135 520 2231 requiras
551 2133 730 2205 sexcenti
760 2134 977 2231 scriptores
1004 2157 1179 2231 respon-

159 2290 253 2341 sum
273 2267 465 2353 afferunt,
488 2273 527 2339 et
547 2267 667 2339 inviti
690 2291 809 2366 saepe,
828 2258 1049 2340 dum'ficta
1080 2293 1177 2341 nar·

159 2407 253 2473 rant
286 2400 544 2498 propriisque
577 2399 758 2496 gaudent
792 2400 1175 2488 adinventionibus,

160 2541 322 2607 nostras
335 2535 523 2619 virtutes
545 2542 599 2619 et,
626 2534 749 2608 eheu!
777 2536 881 2608 vitia
901 2537 1051 2634 saepius
1079 2560 1178 2610 nos·

159 2675 224 2742 tra
248 2676 507 2766 posterorum
525 2669 677 2767 judicio
701 2677 930 2767 exponunt.
948 2673 1044 2744 Dies
1076 2696 1177 2747 sane

159 2803 301 2877 scribae
318 2803 478 2876 deficiet
492 2805 734 2906 priusquam
764 2788 981 2879 auctorum
997 2807 1177 2880 istorum

161 2961 312 3010 nomen
327 2943 494 3017 tantum
511 2937 668 3011 calamo
683 2941 903 3014 notaverit.
916 2940 994 3014 Sed
1013 2940 1115 3014 dum
1131 2943 1178 3014 in

160 3073 346 3170 antiquis
358 3072 626 3168 scriptoribus
642 3071 815 3159 fabulas,
834 3099 917 3148 non
928 3075 1177 3162 doctrinam,

160 3208 401 3303 reperimus,
416 3205 518 3279 dum
538 3206 646 3281 bona
670 3209 733 3280 vel
752 3209 873 3294 mala,
890 3210 933 3281 in
953 3210 1078 3282 medii
1096 3213 1176 3283 aevi

161 3340 434 3439 poematibus,
451 3341 515 3413 vel
544 3345 749 3415 nesciente
777 3343 867 3437 ipso
886 3348 1020 3440 poeta,
1042 3343 1137 3449 prof
1161 3386 1178 3401 -

160 3482 325 3560 runtur',
351 3476 529 3574 aequales
556 3476 687 3548 nostri
722 3498 806 3547 non
839 3476 891 3548 ad
920 3477 1178 3582 narrandum

162 3609 300 3696 modo,
336 3610 558 3687 sedetiam
591 3607 644 3680 ad
674 3607 935 3704 probandum
975 3610 1177 3692 scribunt,

162 3744 392 3842 fabulisque
426 3744 511 3815 suis
554 3744 735 3816 saniores
772 3746 933 3818 animos
981 3752 1178 3843 praestare

162 3878 470 3962 contendentes,
485 3877 681 3951 lectorum
703 3879 928 3974 saepissime
950 3878 1110 3951 animos
1132 3881 1177 3952 in
