2678 4718
591 343 752 395 -ma-

167 482 376 566 Conspirant
390 483 436 547 ad
452 482 540 547 bella
554 482 620 545 uiri
639 481 699 545 sed
714 486 750 547 et
767 501 865 547 arma
880 483 1036 548 tumultu

167 599 248 663 Ples
263 603 355 684 rapit
369 604 404 664 et
417 599 561 664 uibrans
573 618 661 684 quos
679 618 749 661 non
763 599 848 663 bene
863 604 1012 664 nouerat
1025 619 1126 665 enses

164 717 186 781 J
188 718 318 801 ngemit
337 719 381 800 (a)
397 717 498 782 irasci
513 717 614 781 discit
631 718 848 802 multumque
864 717 1020 802 mjnatur

170 833 237 898 Sed
251 834 385 900 factura
402 855 527 918 parum
541 835 626 899 trait
639 835 694 898 hic
709 835 806 898 frena
822 836 866 918 (b)
885 835 1019 920 iugales

163 952 245 1016 Non
256 952 401 1036 lungum
415 956 621 1015 mansuetus
635 952 675 1033 (c)
690 972 796 1036 eques
812 956 914 1036 rapta
931 953 987 1017 ille
998 956 1168 1038 superbit.

165 1068 307 1132 Casside
323 1072 361 1131 at
379 1068 568 1152 impaciens
583 1072 705 1151 captos
723 1067 919 1132 decrescere
940 1068 1040 1133 uisus

163 1186 221 1249 Hii
235 1205 335 1249 suras
356 1183 517 1270 rigujsse¹
541 1188 684 1267 stupent
697 1183 746 1247 hii
760 1185 910 1268 pondere
928 1184 1009 1270 uictj

162 1302 210 1365 ln
224 1301 351 1385 clipeos
366 1304 495 1364 nutant
508 1320 590 1384 pars
606 1300 753 1363 barbara
766 1320 873 1384 regna
887 1302 1030 1366 lacessit

164 1417 303 1503 Litifljs
316 1417 432 1481 audax
446 1421 480 1480 et
492 1417 578 1481 citra
595 1417 702 1500 prelia
716 1417 818 1481 fortis

165 1534 309 1598 Obiecto
328 1535 376 1616 (d)
393 1553 513 1598 secura
526 1532 612 1624 freto
627 1533 734 1618 gemit
749 1537 848 1598 anaia
863 1539 1017 1598 matrum

160 1652 277 1715 Turba
290 1672 353 1715 nec
372 1652 534 1716 infaustis
554 1650 684 1715 solacia
703 1656 817 1715 mesta
832 1651 983 1735 querelis

157 1769 217 1833 Jre
231 1773 361 1852 negant
376 1768 527 1832 lacrime²
543 1767 694 1832 lacrimis
707 1773 861 1832 certatur
875 1774 910 1833 et
928 1789 1067 1834 omnem

158 1886 360 1948 Ercessisse
375 1889 476 1967 putat
489 1884 592 1946 flendi
608 1885 811 1967 parcissima
826 1885 941 1950 lutum
957 1888 1002 1968 (e)

162 2002 235 2065 Hec
247 2002 337 2065 inter
355 2001 487 2065 medios
501 2021 602 2065 enses
614 2000 728 2064 timet³
746 2000 805 2065 illa
820 2002 973 2085 caripdin
989 2005 1029 2088 (f)

166 2119 296 2183 Incurit
311 2118 423 2202 pietas
441 2124 635 2201 nunquam*
654 2119 937 2202 securaquiescit

166 2236 267 2299 Mens
286 2256 306 2298 o
324 2255 434 2319 prona
448 2236 563 2299 uirum
578 2255 650 2298 non
661 2236 724 2299 hec
743 2234 892 2318 suspiria
907 2238 1022 2300 uirtus

159 2354 201 2417 In
214 2353 347 2416 francta
367 2352 415 2437 (9)
434 2352 590 2416 admittit
601 2372 672 2415 non
690 2351 750 2415 dat
765 2351 1000 2436 complexibus
1019 2359 1120 2416 artus

159 2469 288 2534 Oscula
303 2488 374 2532 non
388 2468 517 2532 iterant
533 2489 576 2532 ne
592 2469 645 2532 vel
659 2469 687 2531 si
702 2467 790 2533 bella
808 2474 988 2532 morentur

174 2586 240 2650 Vix
255 2605 426 2649 memores
441 2584 570 2649 dixisse
582 2586 658 2649 nale
677 2586 849 2651 mulcetur
863 2585 1051 2671 alumpnus

159 2703 342 2767 Fatorum³
356 2700 483 2765 alcides
498 2707 533 2766 et
548 2722 608 2785 spe
623 2703 762 2767 meliore
777 2704 948 2787 superbis⁸
980 2740 981 2745 κ

163 2819 308 2884 Assidet
321 2819 468 2903 inceptis
487 2818 639 2883 fremitu⁷
652 2819 792 2903 naualja
810 2818 945 2883 teruent

168 2936 347 3020 Egeosque
361 2935 458 2998 sinus
478 2940 533 2998 ter
549 2935 654 3018 quino
673 2936 802 3019 remige
818 2936 947 3020 frangit

158 3057 242 3121 Leta
255 3052 379 3116 choors
393 3051 609 3133 totidemque
624 3056 743 3114 mouet
758 3050 953 3134 percerula
965 3055 1070 3135 pinus

201 3244 209 3276 ¹
229 3240 363 3322 Propter
388 3257 508 3302 ocreas.
525 3275 564 3286 -
585 3243 596 3275 ²
612 3239 692 3313 Quia
708 3241 847 3322 quodam
863 3241 959 3303 modo
979 3241 1103 3303 lenitur
1124 3242 1180 3304 do·

160 3341 209 3402 lor
232 3358 290 3422 per
304 3338 437 3400 nimiam
456 3338 662 3401 lacrimarum
684 3339 883 3402 allusionem.
901 3375 941 3385 —
961 3343 972 3376 ³
995 3340 1130 3422 Propter
1144 3339 1181 3400 fi·
1213 3414 1215 3418 .

143 3436 251 3501 lium.
279 3473 314 3483 -
331 3437 495 3518 *Exangit
522 3445 691 3519 utramque
719 3439 806 3520 quod
832 3439 987 3521 sequitur.
1010 3475 1051 3484 —
1073 3438 1180 3512 ⁵Quia

159 3535 226 3599 fata
247 3534 445 3598 extollebant
467 3554 550 3596 eum.
574 3572 614 3581 —
627 3541 639 3573 ⁶
654 3536 832 3599 Nobilibus
850 3543 913 3584 -⁷
936 3537 1176 3618 Nauigantium.

196 3722 375 3788 (ullngenue
398 3722 444 3788 (D.
474 3722 528 3785 D.).
557 3750 586 3760 -
613 3723 651 3788 (b)
676 3723 758 3774 Terit
776 3722 823 3773 hic
849 3723 879 3773 in
905 3723 986 3774 trena
1017 3724 1059 3785 (D.
1074 3725 1127 3786 D.).
1150 3751 1179 3763 -

161 3806 194 3864 (c)
211 3803 370 3853 Mansurus
384 3805 428 3864 (D.
445 3804 497 3864 D.).
513 3830 542 3840 -
557 3803 594 3865 (d)
610 3803 729 3869 Objecta
742 3804 784 3865 (D.
802 3805 856 3866 D.).
871 3832 900 3842 -
911 3807 944 3866 (e)
965 3805 1032 3872 Leg.
1058 3805 1173 3856 luctum.

162 3886 194 3949 (t)
210 3885 276 3948 Leg.
297 3883 473 3951 Charybdin.
486 3909 514 3923 -
526 3885 562 3949 (9)
578 3883 703 3934 Infracta
714 3885 756 3949 (D.
775 3885 828 3946 Π).
