2678 4718
669 336 823 386 -ua-
874 300 877 307 ’

244 471 379 557 Ocupat
400 495 406 535 :
432 473 554 557 insign]
572 472 710 557 lasciujt
724 477 818 556 regia
833 473 929 536 cultu
949 493 956 533 :

245 588 446 673 Victorjque
462 611 525 655 suo
540 595 639 675 grata
652 590 750 673 plebs
765 589 869 673 obuja
883 609 986 653 uoces

241 702 354 778 Elicit,
376 712 410 769 et
426 727 509 771 uero
525 707 705 791 dispensat
722 706 849 790 gaudia
864 705 965 768 uultu
983 727 990 767 ι

243 821 347 887 Solus
361 823 558 907 inexplicita
571 823 694 908 peljas¹
710 825 775 887 sub
790 823 916 886 fromte
929 841 1052 885 serena

169 963 173 970 ·
241 938 381 1002 Juuidia
399 943 545 1024 egrescit
561 962 637 1005 sese
652 945 817 1005 causatur
831 942 867 1002 in
886 958 1007 1003 omnes

241 1058 336 1122 Vota
358 1042 442 1123 deos
465 1064 672 1143 consumpta
690 1059 799 1143 gemjt
827 1082 834 1122 ε
861 1063 1079 1139 martemque
1102 1055 1259 1129 lacessit,

242 1176 329 1252 Quis
345 1178 392 1258 (a)
409 1180 519 1260 gratis
537 1176 690 1261 domjtos
715 1176 834 1239 tulerit
859 1174 1046 1239 deseruere'
1075 1179 1197 1237 tauros

241 1292 383 1356 Elutata
397 1293 455 1357 diu
472 1294 603 1377 rapidis
619 1293 826 1377 impulsibus
839 1296 889 1356 ira

242 1409 442 1472 Inuerbum
462 1409 631 1492 singultat
646 1415 746 1472 atrox
764 1413 979 1492 questusque
995 1406 1166 1488 superbos

243 1525 272 1587 Ο
287 1525 416 1609 superi³
434 1546 502 1608 quo
515 1526 620 1590 thura
635 1531 764 1598 meant,
779 1544 799 1587 0
813 1525 887 1589 fata
901 1527 980 1608 quis
997 1543 1092 1586 error

242 1641 403 1725 Imperat,
425 1662 445 1704 o
464 1641 648 1737 homjnum
665 1661 768 1707 casus
783 1645 970 1724 paucosne⁴
983 1644 1141 1703 reseruat

240 1758 291 1822 Vt
303 1759 448 1822 mult0s⁵
462 1758 604 1823 fortuna
617 1765 764 1842 premat,
788 1759 857 1821 iam
871 1761 985 1823 sentio
999 1756 1090 1840 traxj

240 1875 262 1938 J
265 1875 361 1939 uuito
377 1896 453 1938 mea
469 1895 575 1959 regna
590 1875 667 1939 deo⁶
682 1895 765 1959 cape
780 1877 942 1939 manime⁷
954 1873 1117 1939 tandem⁸

243 1992 401 2068 Quorum
416 1972 551 2055 fastidit
565 2012 652 2055 usus
667 2011 810 2076 regnare
828 1996 1014 2074 negantem

244 2108 319 2184 Que
332 2108 434 2192 longo
450 2107 564 2171 emisti
580 2113 675 2187 uoto,
692 2113 830 2171 tumeas
845 2127 912 2190 que
926 2108 1055 2171 relictis
1070 2110 1082 2143 ⁹

242 2224 323 2286 Non
337 2228 485 2309 raptis¹⁰,
499 2224 594 2310 tenuj
613 2231 704 2289 certe
725 2245 796 2288 non
812 2230 936 2307 sponte
951 2225 1093 2287 deorum

244 2340 376 2424 Hisque
392 2340 497 2404 uelim
512 2344 627 2425 reguis
643 2347 799 2424 emptum
815 2341 939 2405 uicisse
952 2344 1132 2405 tonantem

243 2459 300 2521 Me
311 2476 411 2541 mage
422 2457 528 2540 siqua
541 2457 627 2520 fides
640 2463 696 2522 est
710 2463 875 2522 uotorum
890 2458 1022 2521 offensa
1031 2463 1051 2495 ¹¹
1065 2455 1262 2537 lacessit(b)

285 2668 294 2699 ¹
316 2662 420 2725 Pelias
433 2662 490 2723 iste
500 2672 632 2744 patruus
648 2663 777 2737 ursonis,
794 2682 867 2725 cum
883 2683 956 2725 eum
976 2663 1135 2726 uniuersis
1149 2682 1263 2746 aecep-

244 2769 313 2822 tum
334 2760 542 2842 conspiceret,
563 2761 679 2823 timens
694 2781 734 2823 ne
750 2781 769 2822 a
787 2780 885 2842 regno
905 2781 962 2844 pur
977 2762 1082 2844 ipsum
1108 2761 1264 2844 supplan-

245 2867 376 2931 taretur,
387 2856 479 2919 illum
498 2859 539 2920 ad
554 2860 770 2942 periculosum
783 2858 914 2921 uelleris
929 2868 1056 2943 raptum
1072 2858 1261 2931 destinauit,

245 2976 381 3038 cumque
409 2957 512 3019 uictor
544 2958 676 3019 redisset
707 2977 804 3039 supra
832 2959 963 3020 modum
982 2957 1119 3020 indoluit
1143 2957 1259 3040 pelias,

245 3056 356 3118 llaluit
370 3056 455 3117 enim
482 3064 518 3118 ut
542 3055 666 3118 obitum
687 3055 805 3118 obisset
831 3075 929 3139 quam
957 3056 1101 3118 redisset.
1118 3092 1158 3101 —
1176 3060 1188 3092 ²
1204 3055 1264 3118 De-

245 3163 335 3217 notat
349 3154 575 3237 priuationem.
591 3158 656 3200 -³
679 3155 793 3234 Arguit
811 3172 942 3236 superos
957 3155 997 3216 de
1015 3153 1261 3233 ingratitudine,

245 3249 324 3333 fata
338 3253 378 3314 de
399 3268 517 3322 errore,
535 3250 697 3312 fortunam
716 3252 755 3312 de
781 3251 1006 3314 obstinatione.
1034 3288 1075 3296 -
1089 3256 1101 3289 ⁴
1115 3251 1264 3312 Iasonem

246 3359 276 3412 et
301 3369 385 3412 suos,
414 3354 483 3396 -5
509 3348 572 3410 Nos
599 3357 630 3410 et
656 3350 747 3412 alios.
774 3385 814 3396 -
834 3355 847 3404 ‚⁶
871 3352 960 3413 Joue.
983 3357 1048 3396 —⁷
1071 3351 1206 3432 Jupiter.
1225 3386 1263 3399 -

246 3451 257 3485 ⁸
275 3450 349 3512 Post
375 3449 507 3527 longam
527 3446 745 3510 ambitionem.
763 3485 802 3496 -
817 3449 971 3531 ⁹Sponte.
995 3486 1034 3496 -
1063 3454 1086 3486 ¹⁰
1111 3450 1171 3511 Per
1194 3449 1264 3511 uio-

246 3546 388 3609 lentiam.
405 3583 440 3593 -
458 3550 481 3582 ¹¹
498 3545 595 3618 Quasi
619 3546 738 3609 diceret
753 3547 831 3629 quid
864 3546 984 3610 scilicet
1007 3548 1101 3610 aliter
1127 3546 1264 3626 contigit

247 3665 343 3728 cluam
367 3652 564 3727 optaueram.

278 3819 315 3876 (a)
325 3813 384 3879 Qui
395 3814 439 3874 (D.
452 3813 505 3874 D.).
523 3839 552 3849 -
567 3812 604 3874 (b)
613 3813 764 3863 Claudicat
775 3829 890 3863 carmen
900 3831 907 3873 ·,
916 3815 1019 3864 merito
1035 3813 1151 3880 scripsit
1167 3814 1262 3864 Dies:

247 3916 260 3942 α
280 3896 329 3945 Me
350 3907 433 3957 mage
446 3892 481 3957 (si
496 3907 555 3958 qua
575 3892 657 3957 fides)
672 3897 817 3956 votorum,
834 3897 885 3944 etc.
906 3914 920 3938 »ι
