2678 4718
655 343 815 396 -105-

232 485 410 553 Meonium
429 486 519 570 nelo)
530 487 659 549 senem¹
675 483 789 546 mirer¹
806 481 928 564 latium
944 503 986 547 ne
998 489 1177 549 uaronem³
1188 483 1242 573 (b),
1314 550 1317 555 ,

233 605 290 666 An
309 608 441 667 uatem¹
450 602 588 687 frigium
610 603 770 663 martem¹
785 601 838 662 cui
853 577 993 664 cercior⁶
1008 600 1123 677 index,

234 721 409 804 Explicuit
424 725 580 805 presens¹
596 716 736 782 occulus
754 737 856 802 quem
871 717 988 782 fabula
1003 716 1112 783 nescit

233 837 348 901 Hunc⁸
362 837 420 902 ubi
443 856 520 901 com
538 834 661 898 biberit
682 833 796 897 auide⁹
815 853 895 918 spes
911 833 1045 899 ardua¹⁰
1062 835 1191 928 mentis

235 955 359 1033 Quos¹¹
378 972 523 1039 superos
552 954 587 1014 in
604 956 849 1025 uotuuoce1n¹¹
865 970 964 1014 mens
979 949 1092 1014 emula
1116 953 1155 1036 (c)
1173 949 1246 1015 ueri

234 1071 471 1154 Proscripsit¹¹
485 1068 585 1152 longe
599 1066 788 1130 ludemtem
803 1066 883 1130 ficta
895 1072 1042 1151 poetam

236 1187 378 1264 Quinte
395 1176 531 1266 cicropii
546 1182 693 1246 mentita
707 1181 848 1246 licencia
862 1185 968 1267 pagi¹¹

219 1288 281 1367 ‘Et
297 1304 441 1366 ledunt¹¹¹
455 1301 617 1390 figmenta
631 1304 756 1386 pater¹⁶
770 1319 839 1383 quo
858 1300 992 1384 presule
1005 1300 1129 1365 florent

279 1480 287 1513 ¹
303 1459 598 1538 Homerum-¹1.
623 1492 651 1534 e.
664 1472 779 1546 imiter,
799 1471 902 1535 simile
917 1471 1003 1555 apud
1028 1472 1091 1534 luc.
1122 1470 1251 1552 Magna-

238 1575 325 1637 nimo
340 1573 448 1635 uiuem
463 1572 684 1654 miratorique
702 1570 834 1633 catonis
850 1605 891 1616 —
904 1574 915 1609 ³
927 1570 1007 1646 Quia
1035 1568 1155 1633 diuersi
1178 1588 1252 1632 sus-

149 1751 151 1755 γ
238 1681 362 1755 ceptam
380 1679 558 1733 tractauere
572 1669 750 1742 materiam,
765 1669 828 1731 suh
845 1669 1010 1752 questione
1041 1667 1131 1752 ponit
1158 1676 1252 1731 autor

239 1788 334 1853 quem
361 1769 492 1831 illorum
511 1768 617 1851 potius
645 1766 797 1840 imitetur,
823 1785 864 1829 an
890 1769 1058 1830 homerum
1085 1785 1125 1828 an
1154 1765 1251 1847 uirgi-

140 1873 215 1936 dstcs
241 1869 332 1942 lium,
361 1886 401 1930 an
440 1868 550 1961 dareta
575 1866 684 1948 quiet
707 1865 820 1946 frigius
843 1864 904 1926 fuit
943 1864 974 1927 et
1001 1884 1084 1953 unus
1110 1864 1250 1927 militan-

238 1966 320 2030 tium
333 1966 449 2029 extitit.
464 2001 502 2011 —
516 1968 528 2002 ¹
540 1964 619 2039 Quia
641 1963 763 2047 primus
783 1963 933 2026 historias
948 1963 1084 2047 scripsit.
1100 1998 1141 2009 -
1155 1965 1166 1999 ¹
1181 1961 1251 2024 Bel-

195 2121 196 2124 ,
240 2065 308 2127 lum
323 2065 521 2129 troianorum
539 2072 570 2126 et
593 2080 772 2144 gregorum.
786 2097 825 2107 -
837 2065 849 2096 ¹
863 2062 943 2136 Quia
959 2061 1004 2123 nil
1022 2062 1139 2125 certius
1154 2079 1251 2144 quam

240 2163 272 2226 id
290 2164 376 2246 quod
389 2162 482 2225 oculo
507 2162 731 2245 conspicimus.
750 2195 790 2208 -
803 2167 814 2199 ¹
825 2148 973 2224 Preseris
988 2161 1065 2223 dicit
1086 2160 1161 2243 quia
1180 2178 1251 2243 pre-

239 2261 417 2324 sentialiter
443 2260 526 2322 uidit
556 2255 710 2342 quicquid
728 2258 760 2321 in
788 2259 874 2323 bello
901 2259 957 2323 illo
985 2268 1093 2322 actum
1112 2257 1184 2322 fuit.
1214 2291 1247 2306 -

238 2362 250 2397 ¹
272 2359 296 2423 Ι.
315 2378 343 2421 e.
358 2359 442 2420 dicta
462 2356 570 2438 hujus.
593 2392 629 2408 -
645 2358 716 2419 ⁹lld
745 2359 968 2440 exequendum
983 2357 1194 2442 propositum.
1209 2390 1251 2404 -

241 2460 265 2494 ¹⁰
283 2456 428 2520 Arduum
451 2454 537 2517 enim
560 2462 591 2517 et
604 2453 734 2516 difficile
748 2464 794 2518 est
805 2464 930 2518 tantum
943 2474 1024 2539 opus
1036 2455 1197 2539 expedire.
1211 2491 1251 2502 —

240 2554 262 2592 ¹¹
273 2554 369 2628 Quasi
382 2555 502 2616 diceret
514 2551 632 2626 nullos,
643 2571 716 2615 cum
731 2554 816 2616 enim
829 2563 939 2637 poetas
954 2554 1035 2617 nolit
1047 2554 1166 2617 imitari
1178 2553 1252 2616 ficta

240 2651 419 2714 scribendo.
435 2685 474 2698 -
487 2655 511 2688 ¹¹
539 2651 699 2714 inuocem.
713 2687 754 2697 -
769 2655 792 2689 ¹³
807 2652 966 2728 Remouit‚
987 2643 1018 2716 et
1043 2651 1157 2716 merito
1175 2642 1251 2736 quia

239 2751 266 2813 si
279 2750 353 2812 ficta
370 2749 551 2845 scriberem,
568 2751 679 2833 pocius
701 2749 895 2818 offenderem
910 2771 1007 2834 quam
1021 2751 1191 2843 placerem.
1211 2785 1253 2797 -

240 2852 264 2887 ¹¹
278 2849 302 2911 l.
320 2869 348 2913 e.
363 2849 579 2913 Atheniensis.
599 2885 640 2895 —
652 2853 675 2887 ¹⁵
688 2849 712 2911 l.
733 2869 760 2913 e.
783 2850 924 2913 offendat
945 2859 976 2913 te
996 2849 1134 2934 cycropij
1161 2848 1250 2924 dicit,

240 2947 315 3029 quia
339 2947 425 3030 apud
449 2947 582 3008 athenas
608 2947 780 3029 principali
803 2949 908 3011 studio
923 2940 1053 3030 uigebat
1070 2945 1253 3009 fabularum

240 3045 477 3109 commentatio.
487 3081 528 3091 -
538 3049 561 3082 ¹⁶
574 3044 655 3107 Nota
665 3046 821 3127 quodhoc
831 3064 947 3110 nomen
961 3054 1051 3128 pater
1060 3046 1253 3128 quaudoque

239 3151 287 3206 est
299 3152 374 3206 nota
389 3150 513 3216 nature,
527 3142 719 3224 quandoque
735 3142 838 3215 etatis,
854 3143 1047 3226 quandoque
1061 3143 1250 3216 reuerentie,

241 3241 434 3324 quandoque
456 3240 621 3322 dignitatis
644 3247 680 3302 ut
700 3240 753 3303 hic
768 3240 852 3302 unde
875 3241 993 3314 subdit,
1023 3261 1090 3326 quo
1110 3239 1252 3326 presule

238 3358 372 3402 cancro.

271 3491 309 3556 (a)
324 3490 451 3541 Versum
475 3489 566 3541 istum
588 3490 668 3541 haud
690 3491 814 3557 reperire
837 3494 882 3541 est
903 3490 981 3557 apud
1005 3490 1139 3544 editores.
1164 3492 1254 3560 Apud

240 3571 320 3622 Dres.
340 3570 417 3622 enim
434 3574 462 3621 et
479 3572 597 3622 Morum
612 3587 670 3622 non
688 3586 693 3622 :
711 3591 724 3616 α
739 3572 936 3633 Meoniumne,
953 3576 1003 3623 etc.
1023 3593 1037 3619 w
1052 3572 1165 3639 legitur,
1183 3573 1253 3625 sed:

363 3651 439 3702 Mira
454 3650 572 3716 quidem
586 3651 673 3714 dictu,
694 3651 745 3702 sed
763 3666 840 3713 vera,
858 3651 1006 3714 advertite,
1023 3653 1148 3720 pandam
1167 3670 1173 3704 :

360 3733 435 3783 Nam
452 3731 512 3781 vati
532 3731 661 3797 Phrygio
674 3734 797 3783 Martem
814 3732 992 3783 certissimus
1006 3733 1093 3784 index

362 3811 508 3878 Explicuit
530 3826 657 3878 praesens
679 3813 789 3872 oculus,
811 3817 866 3871 etc.

269 3903 306 3964 (b)
323 3903 389 3966 Leg.
409 3901 570 3952 Maronem.
588 3928 614 3940 -
635 3901 669 3966 (c)
692 3903 814 3954 Conscia
830 3901 873 3967 (D.
890 3903 942 3964 D.).
960 3930 987 3941 -
