2678 4718
596 383 740 437 ..sq-

209 522 345 614 Quare
365 525 490 597 etiam
509 548 533 596 a
552 523 769 621 permultis
782 525 1064 622 vituperatum
1084 525 1170 599 Ho-

159 680 342 745 merum,
380 659 425 732 in
456 659 595 732 Famoe
632 658 798 757 Templo
845 685 943 744 suo,
991 660 1171 735 ostendit

161 791 393 866 Chaucerus
412 818 419 865 :

280 961 351 1025 But
363 967 425 1046 yet
445 962 461 1024 l
480 981 547 1045 gan
561 962 612 1026 ful
625 961 691 1024 wel
707 962 799 1045 espie

202 1087 205 1094 ·
280 1060 427 1125 Betwex
444 1061 524 1124 hem
543 1081 620 1124 was
635 1079 655 1122 a
669 1060 734 1125 litil
750 1081 861 1146 envye

281 1158 359 1222 Oon
374 1159 480 1244 seyde
494 1159 573 1225 that
589 1159 714 1222 Omere
729 1160 830 1224 made
845 1161 918 1244 lyes

279 1257 469 1342 Feynynge
487 1258 522 1320 in
534 1258 603 1342 hys
617 1259 780 1342 poetries,

278 1354 360 1420 And
375 1376 453 1419 was
470 1361 508 1421 to
529 1357 664 1421 Grekes
678 1357 856 1422 favorable

277 1454 418 1519 'l'herfor
436 1454 515 1519 held
533 1454 577 1519 he
590 1455 655 1540 hyt
669 1456 732 1519 but
744 1454 844 1520 fable.

159 1592 441 1690 exclamatque
460 1593 484 1664 J
487 1593 666 1690 osephus
686 1616 694 1663 :

241 1760 271 1823 O
287 1764 392 1825 variis
411 1761 531 1825 delusa
544 1761 657 1824 modis
672 1781 758 1845 gens
777 1760 914 1824 credula
928 1780 1018 1825 curre

240 1859 408 1923 Gentilis!
426 1859 515 1923 Risu
530 1879 574 1922 an
589 1861 762 1945 lacrymis,
787 1879 831 1923 an
843 1860 947 1923 flente
964 1861 1129 1925 cachinno

239 1958 383 2042 AEgypti
397 1964 558 2043 portenta
576 1961 740 2044 queram?

206 2132 470 2207 Germanicas
506 2141 646 2207 autem
680 2140 753 2207 aut
785 2134 969 2210 arabicas
989 2160 1013 2209 a
1032 2159 1169 2209 recen·

157 2267 333 2344 tioribus
349 2268 617 2364 scriptoribus
633 2264 884 2366 excogitatas
904 2269 1064 2342 fabulas
1086 2294 1168 2344 non

159 2404 294 2476 solum
327 2389 420 2477 odio
461 2426 545 2476 non
589 2405 966 2502 prosequebantur;
1002 2404 1168 2478 sedeas

158 2539 285 2612 etiam
305 2538 488 2637 undique
521 2538 784 2611 libentissimi
810 2538 1070 2636 colligebant.
1092 2541 1170 2612 Da-

157 2680 287 2747 retem
307 2673 551 2771 Phrygium,
575 2671 686 2772 quod
706 2673 934 2746 Homerum
959 2675 1168 2771 vitupera·
1238 2700 1243 2713 “

156 2814 238 2881 ret*
265 2831 442 2906 veraque
474 2814 640 2882 tantum
668 2829 894 2880 memorare
927 2808 1165 2894 affirmaret,

159 2947 368 3015 auctorem
412 2965 624 3016 summum
662 2944 721 3016 illi
766 2966 910 3017 omnes
948 2932 1167 3018 ducebant.

161 3075 270 3163 Ideo,
294 3104 312 3146 u
334 3077 638 3174 veremudum,
657 3105 676 3148 >r
694 3077 751 3149 ait
770 3076 975 3174 Josephus
998 3102 1006 3149 :

194 3317 279 3368 ¹Lib.
296 3319 345 3380 lv,
361 3333 434 3369 vers.
454 3319 510 3371 221.

192 3424 204 3456 ³
221 3438 235 3464 α
251 3419 353 3470 Utrum
368 3419 461 3486 magis
473 3433 542 3470 vera
553 3419 791 3486 existimentquae
805 3421 894 3470 Dares
902 3419 1048 3485 Phrygius
1063 3432 1173 3470 memo-

162 3502 212 3552 riae
226 3499 448 3560 commendavit,
475 3500 524 3567 qui
545 3515 596 3567 per
622 3501 651 3551 id
676 3504 794 3567 tempus
818 3501 891 3551 vixit
907 3504 935 3551 et
961 3499 1098 3551 militavit
1113 3515 1171 3565 quo

162 3582 253 3633 Graeci
281 3582 424 3646 Trojanos
451 3584 669 3648 oppugnarent;
694 3597 731 3634 an
760 3582 885 3633 Homero
913 3581 1097 3641 credendum,
1122 3581 1171 3646 qui

161 3668 230 3730 post
245 3662 455 3714 multosannos
467 3667 554 3714 natus
569 3667 621 3725 est,
638 3678 726 3730 quam
735 3661 842 3713 bellum
853 3663 908 3714 hoc
915 3666 1030 3728 gestum
1048 3661 1149 3712 fuisset
1166 3677 1171 3709 :

164 3745 199 3795 de
213 3759 272 3811 qua
284 3759 315 3794 re
330 3744 457 3795 Athenis
468 3745 612 3809 judicium
642 3745 704 3807 fuit,
726 3758 817 3811 quum
830 3758 883 3810 pro
898 3744 1001 3795 insano
1029 3743 1174 3794 Homerus

162 3825 326 3889 haberetur,
338 3825 417 3893 quod
435 3825 504 3877 deos
519 3825 763 3878 cumhominibus
778 3824 962 3889 belligerasse
978 3824 1139 3891 descripsit.
1160 3844 1174 3868 n

165 3905 206 3972 (C.
223 3906 342 3972 Nepotis
359 3907 496 3960 Sallustio
517 3907 670 3974 Epistola.)
