2678 4718
638 341 783 395 ..74-

202 485 260 556 hil
281 508 366 556 esse
384 485 462 555 nisi
482 484 746 580 aptissimum
778 482 987 580 quoddam
1012 481 1064 555 ad
1091 504 1213 579 gren-

201 618 371 691 dissima
396 641 554 690 necnon
583 617 817 691 humillima
840 618 952 716 juste
967 613 1210 715 explicanda

202 752 362 825 dicendi
381 775 510 849 genus
530 751 631 824 mihi
660 753 845 825 videtur:
881 753 1055 849 simplex
1083 753 1231 823 nimi-·

203 909 296 959 rum
330 887 534 960 Homerus
566 893 641 971 est,
674 886 776 960 dum
809 885 1013 960 sublimis.
1053 885 1215 982 Nempe

205 1027 370 1093 narrata
383 1020 453 1093 illa
470 1022 639 1118 Josephi
669 1020 852 1119 legendo,
871 1021 1062 1094 eumdem
1089 1022 1215 1118 atque

204 1154 493 1227 Andromache
521 1162 732 1239 terrorem,
764 1155 920 1228 dolenti
950 1157 1104 1239 animo,
1131 1157 1211 1252 ipsi

206 1289 407 1360 sentimus
425 1294 466 1361 et
484 1287 861 1362 illiusanxietatem
877 1310 1077 1386 curasque
1104 1288 1218 1361 dole-

206 1444 299 1493 mus
314 1444 442 1518 quum
471 1423 699 1496 «timida...
716 1447 844 1496 manu
861 1431 1042 1497 scrutata
1066 1422 1214 1508 cubile,

205 1556 519 1651 -lngeminatz
559 1558 691 1652 Meua,
728 1559 847 1631 hicne
881 1556 1035 1630 meus¹?
1057 1584 1074 1627 r>
1104 1556 1219 1629 Uxo-

205 1713 306 1773 rem,
321 1697 511 1775 matrem,
528 1693 712 1788 reginam
728 1714 866 1765 amore
881 1666 1063 1790 quodam
1077 1684 1219 1765 vivido

206 1847 408 1910 amamuS,
443 1825 555 1898 haud
589 1850 704 1898 secus
734 1833 859 1923 atque
888 1824 1021 1922 ipsam
1050 1824 1235 1922 Virgilii,

208 1959 375 2032 lectores
394 1965 552 2042 amant,
575 1982 718 2056 quum,
741 1960 905 2056 T-rojam
928 1966 1021 2054 post
1036 1964 1216 2054 captam,

207 2093 398 2165 adstante
434 2093 579 2179 AEned,
615 2117 705 2165 eam
744 2093 881 2166 subito
919 2094 1219 2164 exclamantem

208 2226 406 2299 audiunt:
438 2254 456 2294 «
473 2227 624 2299 Hector
638 2227 709 2299 ubi
722 2227 851 2300 esti...
870 2256 887 2295 »

258 2362 496 2460 Elegantem
528 2385 623 2434 vero
669 2362 1011 2457 emendatumque
1054 2358 1216 2460 Virgilii

208 2500 458 2572 locutionem
473 2505 512 2570 et
528 2500 809 2595 incorruptam
826 2497 1025 2569 sermonis
1044 2495 1217 2592 integri·

207 2640 337 2707 tatem
356 2634 582 2727 saepissime
600 2655 684 2704 non
703 2632 892 2704 imitatus
913 2637 975 2703 est
992 2630 1017 2702 J
1020 2630 1213 2727 osephuS.

208 2771 347 2864 Longe
380 2790 488 2840 unus
521 2772 618 2840 ante
656 2766 758 2840 alios
788 2765 972 2864 ejusdem
1015 2765 1215 2860 temporis

208 2911 350 3001 poetas
363 2902 474 2974 culto
490 2902 699 2999 politoque
715 2900 875 2974 dicendi
906 2898 1041 2981 modo,
1076 2922 1217 2996 aequa-

208 3038 313 3111 lium
328 3044 467 3111 tamen
484 3036 583 3110 rude
612 3036 815 3110 scribendi
848 3058 977 3133 genus
1012 3032 1214 3131 rudiaque

210 3170 332 3245 verba
346 3196 431 3245 non
445 3167 627 3269 projecit.
648 3172 758 3245 Dum
787 3168 958 3243 «brevis
984 3159 1072 3241 esse
1104 3166 1217 3241 labo-

240 3366 251 3400 ¹
265 3361 303 3412 V.
315 3362 394 3428 apud
405 3362 545 3412 Senecam
559 3359 780 3411 Andromaches
793 3356 949 3409 somnium.
960 3357 993 3406 ln
1008 3355 1054 3404 hia
1067 3369 1149 3405 amor
1161 3369 1219 3420 quo

209 3443 361 3494 Hectorem
377 3439 603 3508 amplectebatur
618 3438 762 3506 praecipue
780 3441 900 3502 apparet
916 3452 922 3485 :

204 3516 206 3519 ’
302 3523 369 3572 Non
382 3522 430 3573 ille
443 3523 544 3573 vultus
558 3522 724 3572 flammeum
741 3516 897 3568 intendens
908 3516 1004 3582 jubar,

309 3603 365 3653 Sed
382 3603 477 3654 lessus
488 3618 522 3655 ac
536 3602 676 3668 dejectus,
690 3604 719 3650 et
731 3599 801 3649 lletu
816 3597 924 3662 gravis,

304 3683 471 3751 similisque
482 3686 592 3743 nostro,
607 3678 740 3747 squalida
756 3678 888 3730 obtectus
904 3677 985 3729 coma
1003 3689 1009 3727 τ

302 3766 395 3815 Juvat
412 3772 507 3816 tamen
523 3764 636 3813 vidisse.

537 3858 693 3921 (Troades,
708 3863 760 3907 act.
780 3859 826 3916 ΙΙΙ,
845 3875 917 3909 vers.
934 3860 1001 3920 lla.)
