2678 4718
497 412 641 466 ...29-

63 551 377 654 Angmrumque
391 555 700 630 celeberrimum
715 551 982 652 Lydgatium.
1002 550 1079 624 Hic

63 687 174 760 enim
183 696 340 763 vertere
358 696 539 776 tantum,
555 714 576 762 e
590 688 730 763 latinis
746 687 944 773 historiis,
962 685 1075 783 quod

62 822 206 897 scribit
224 823 378 899 fatetur
407 824 531 923 idque
552 826 596 898 in
617 824 765 921 quinto
788 820 892 896 libro
918 844 992 895 suo
1018 819 1075 893 sic

64 961 185 1030 notat
203 983 213 1033 t

184 1143 199 1174 α
221 1117 342 1182 Ihave
355 1138 402 1181 no
423 1136 518 1181 more
537 1117 575 1181 ot
590 1116 691 1181 Latin
703 1121 742 1181 to
760 1114 933 1181 translate

181 1215 283 1280 After
294 1216 418 1302 Dytes‚
435 1215 547 1279 Dares
562 1216 631 1280 and
644 1216 801 1300 Guydo¹.
821 1243 835 1270 ν

111 1350 344 1427 Guidonem
363 1335 485 1452 juxta
510 1355 752 1438 Homerum,
774 1352 819 1425 in
835 1376 909 1425 suo
935 1351 1076 1424 Fumoe

65 1485 244 1586 Templo,
287 1488 543 1564 Chaucerum
580 1490 765 1586 posuisse
807 1510 933 1586 supra
972 1487 1076 1560 vidi-

66 1630 195 1694 mus&

112 1756 188 1831 His
207 1761 423 1857 permultis
453 1758 722 1857 scriptoribus
751 1757 978 1858 permultos
1008 1758 1077 1832 ad·

62 1889 154 1964 dere
181 1916 343 1990 possem
359 1895 446 1992 qui,
472 1895 626 1969 civium
648 1915 820 1980 ¹suorum
849 1892 934 1966 fata
950 1918 974 1966 a
990 1894 1075 1990 pri-

62 2029 141 2100 mis
162 2028 390 2126 originibus
417 2035 648 2115 narrantes,
678 2029 906 2126 Trojanum
937 2051 1079 2126 quem-

60 2162 158 2235 dam
172 2161 319 2236 ducem
337 2162 469 2238 totius
487 2165 622 2260 gentis
638 2163 810 2262 stirpem
836 2162 963 2236 fuisse
985 2161 1078 2261 (pro

60 2296 170 2402 virili
189 2288 319 2395 parte,
348 2297 511 2386 saltem)
532 2297 802 2373 ostenderunt
831 2305 922 2371 eta
955 2294 1079 2396 Troja

60 2413 194 2530 capta,
212 2431 323 2530 quod
339 2457 358 2503 r<
377 2432 428 2505 ab
443 2458 532 2518 ovo,
552 2460 570 2505 >r
587 2433 759 2522 dixisset
771 2432 1078 2518 HoratiuS,An·

60 2566 175 2640 nales
212 2568 264 2641 ad
300 2573 466 2666 tempus
503 2591 627 2643 suum
664 2569 887 2665 duxerunt.
935 2568 1078 2666 Neque

59 2701 185 2774 etiam
212 2702 288 2775 soli
308 2725 350 2776 se
379 2702 558 2800 Trojano
587 2704 787 2802 sanguine
808 2709 921 2778 ortos
945 2705 1077 2802 jacta·

50 2835 164 2944 ¹bant
193 2838 334 2934 proavi
365 2841 521 2925 nostri;
548 2839 619 2913 sed
647 2839 929 2914 Arvernorum
949 2840 1074 2913 etiam

59 2968 261 3065 ejusmodi
277 2969 495 3044 audaciam
516 2978 635 3047 notat
649 2974 844 3047 Lucanus
864 2998 873 3046 ε

178 3138 396 3224 Arvernique
413 3143 491 3204 ausi
508 3140 609 3206 Latio
632 3161 670 3206 se
689 3141 818 3227 fingere
834 3143 976 3217 fratres,

179 3236 354 3322 Sanguine
376 3242 419 3303 ab
437 3239 541 3306 Iliaco
560 3240 680 3326 populi
693 3247 717 3306 ³.

111 3391 250 3483 Quum
265 3376 364 3468 vero·
374 3394 497 3494 Angli
507 3403 601 3470 tum
616 3398 743 3471 etiam
758 3384 864 3472 Galli
878 3401 953 3471 aut
963 3396 1072 3482 Itali,

59 3558 117 3611 duc
129 3560 269 3629 Phelippe
280 3563 315 3615 de
323 3561 522 3632 bourgongne,
533 3581 570 3618 en
580 3567 637 3618 l'an
651 3565 686 3618 de
695 3581 778 3633 grace
788 3566 847 3618 mil.
859 3565 921 3633 iiije.
939 3564 1045 3631 LXiiij.
1060 3583 1075 3611 n
1134 3579 1136 3583 ’

60 3639 130 3691 Cod.
144 3641 175 3692 in
190 3644 338 3697 Nationali
353 3646 545 3710 Bibliotheca,
558 3647 601 3700 59.

95 3743 106 3777 ¹
122 3740 184 3793 The
197 3742 355 3811 Hystorye,
371 3745 440 3812 Seue
456 3747 515 3798 ancl
526 3747 727 3814 Dyetruceyon
742 3747 777 3814 of
790 3747 892 3814 Troye.
910 3745 959 3797 lib.
977 3745 1013 3796 V.

92 3843 104 3876 θ
125 3839 187 3891 The
200 3841 299 3896 House
316 3846 351 3910 of
360 3845 460 3908 Fame,
475 3860 550 3897 vers.
568 3846 626 3899 382.

93 3941 105 3978 ³
122 3937 259 3994 Pharaai.
276 3943 296 4003 I,
313 3943 367 3995 427.
