2678 4718
499 753 852 859 Annaliun
914 765 917 770 ¹
1009 683 1010 687 Ὗ

191 1203 260 1269 Pag.
284 1200 323 1261 32,
348 1200 398 1251 lin.
424 1201 448 1253 6.
474 1223 505 1241 -
525 1199 612 1252 Haud
634 1200 721 1251 breve
739 1200 880 1266 temporis
902 1200 1030 1266 spatium
1054 1198 1178 1267 Josepbi

160 1284 252 1335 vitam
278 1283 456 1349 complexam
487 1296 550 1332 esse
580 1279 670 1332 credit
695 1281 721 1332 J.
749 1283 875 1332 Morus:
903 1301 917 1328 α
944 1281 1100 1348 Josephus.
1126 1282 1179 1343 ait,

120 1409 122 1412 ,
160 1366 353 1430 cognomento
371 1365 607 1423 lscanus,'natus
630 1365 675 1412 est
694 1361 724 1411 in
745 1361 853 1412 saeculo
877 1361 1040 1430 undecimo,
1057 1362 1088 1412 in
1107 1362 1179 1414 urbe

160 1446 262 1496 Isca...
288 1446 425 1495 Mortuus
443 1446 488 1494 est
509 1442 660 1509 Josephus
681 1442 847 1494 Monachus
871 1443 990 1494 lscanus
1017 1458 1095 1494 anno
1113 1443 1179 1506 (cir-

160 1524 240 1589 citer)
257 1525 325 1575 1224.
344 1525 386 1586 (ln
404 1522 538 1575 Editione
553 1523 607 1574 sual
624 1523 659 1573 de
681 1521 761 1577 Bello
775 1521 904 1590 Trojano
918 1523 1069 1589 poematis.
1087 1550 1117 1561 -
1133 1523 1181 1574 Ad

160 1605 330 1672 Lectorem.)

194 1759 261 1825 l’ag.
280 1760 320 1820 33,
344 1759 390 1809 lin.
407 1760 446 1810 17,
470 1786 498 1797 -
520 1759 677 1810 Insulas«
700 1757 820 1824 Templa
838 1757 926 1809 etiam
946 1757 1061 1808 Insulas
1078 1759 1177 1810 dixere

159 1839 351 1890 Ecclesiasticl
364 1838 528 1905 scriptores,
541 1836 620 1904 quod
635 1838 672 1889 ab
687 1838 752 1889 aliis
767 1837 881 1889 aedibus
894 1837 1022 1905 undique
1045 1838 1176 1906 sejuncta

118 1977 121 1982 ,
159 1924 263 1971 essent.
281 1939 294 1965 n
310 1918 483 1985 (Forcellini,
503 1919 605 1972 Totius
626 1919 800 1971 Latinitatis
815 1918 945 1984 Lexicon
965 1923 994 1970 et
1019 1919 1093 1971 Rob.
1112 1920 1176 1972 Ste-

159 2001 248 2067 phani
263 1999 383 2066 Linpure
403 1999 542 2052 Romanor
564 2001 740 2060 Thesaurus.
756 2000 839 2062 1749.)
855 1999 960 2050 Insula
977 1999 1082 2064 legitur
1098 1998 1177 2066 apud

160 2081 272 2133 Burton
294 2085 323 2132 et
344 2080 561 2140 cambdenum;
586 2085 616 2132 at
640 2080 736 2148 infula
757 2079 906 2131 invenitur
926 2080 957 2131 in
977 2078 1077 2131 codice
1101 2081 1182 2132 15015

159 2161 316 2212 nationalis
334 2161 531 2214 Bibliothecae.
552 2161 626 2213 Vide
641 2175 739 2227 supra,
758 2174 824 2227 pag.
839 2160 896 2212 106.

189 2296 258 2361 Pag.
281 2297 314 2348 43
346 2299 404 2347 not.
428 2298 451 2347 1.
471 2323 500 2334 -
522 2297 633 2348 Versus
652 2298 726 2348 istos
748 2297 778 2347 in
799 2295 1006 2362 manuscriptis
1028 2271 1193 2346 codicibus¹

156 2380 272 2428 tantum
288 2381 339 2437 aut
360 2376 391 2427 in
413 2377 534 2429 Lelandi
550 2376 774 2430 Commentariis
795 2375 830 2427 de
852 2374 1048 2442 Scriptoribus
1064 2374 1180 2427 Britan-

158 2457 231 2507 nicis
246 2460 318 2524 (cap.
336 2457 475 2521 CCXVII)
491 2457 621 2510 invenire
636 2462 691 2509 est.

194 2589 262 2656 Pag.
286 2592 325 2651 16,
351 2593 401 2644 lin.
426 2593 448 2643 1.
473 2619 503 2630 -
518 2595 623 2644 Annus
648 2608 706 2659 quo
727 2596 863 2643 mortuus
883 2594 928 2642 est
948 2591 1096 2657 Josephus
1120 2605 1180 2642 non

162 2671 328 2724 indubitate
358 2673 563 2739 cognoscitur3
588 2678 705 2741 poetam
727 2677 861 2725 nostrum
889 2676 957 2740 post
985 2686 1094 2725 annum
1120 2671 1183 2724 1223

164 2751 272 2803 obiisse
283 2753 376 2805 credit
388 2753 583 2809 cambdenus.

140 2946 143 2949 ,
160 2953 164 2961 ¹
194 2889 266 2955 Pag.
290 2891 330 2950 63,
358 2890 404 2941 lin.
428 2891 452 2942 3.
476 2918 509 2930 --
522 2890 674 2943 claudicat
688 2905 791 2943 versus
805 2890 875 2952 iste;
891 2891 932 2942 ita
946 2905 1015 2942 vero
1031 2890 1136 2956 legitur
1150 2889 1181 2940 in

161 2969 319 3022 Parisiensi
340 2970 476 3031 editione,
499 2972 571 3030 1609,
595 2972 644 3023 tol.
666 2971 834 3038 Legendum
858 2974 910 3033 est,
938 2971 1041 3039 procul
1066 2970 1179 3023 dubio:
1219 3020 1228 3040 ,

163 3071 178 3097 ι
195 3049 286 3103 Hardi
302 3051 352 3118 qui
367 3051 492 3119 premier
509 3051 535 3103 le
549 3049 647 3118 Sapin.
664 3072 679 3099 ι

194 3185 256 3252 Peg
281 3188 320 3240 73.
336 3188 477 3255 -Longe
492 3177 599 3241 absuht
621 3205 639 3240 a
661 3178 783 3256 Josephi
805 3191 960 3240 venustate
983 3192 1011 3239 et
1031 3185 1181 3253 dignitate.

160 3282 252 3333 quum
281 3268 360 3320 idem
386 3269 608 3323 Andromaches
634 3268 782 3320 somnium
812 3272 933 3321 narrant
961 3271 991 3319 et
1019 3266 1114 3320 Guido
1145 3266 1182 3318 de

162 3348 305 3400 Columna
322 3354 350 3401 et
363 3354 449 3418 poeta
465 3351 520 3403 iste
536 3349 627 3416 quiin
641 3350 785 3416 anglicam
802 3349 933 3416 linguam
949 3347 1092 3400 Gnidonis
1107 3362 1182 3414 opus

163 3429 332 3481 transtulit:

284 3527 323 3580 Ol
336 3530 522 3582 Andromaca
532 3531 612 3584 drem
626 3531 746 3583 idresse
760 3545 807 3582 me
823 3533 854 3582 to
871 3529 947 3590 telle,

288 3609 364 3660 How
376 3610 423 3660 hir
438 3613 529 3678 noyet
543 3610 574 3662 in
590 3612 640 3663 the
655 3612 749 3678 night,
765 3625 796 3662 er
809 3610 873 3662 thai
887 3613 918 3662 to
934 3613 1004 3662 note
1023 3608 1109 3677 yode,
1126 3613 1180 3661 etc.

248 3689 354 3757 (Early
374 3689 460 3756 Enpl.
485 3696 548 3742 text
576 3691 636 3744 Soc.
663 3690 736 3754 1069,
757 3683 930 3744 11691101
949 3695 978 3744 et
999 3689 1180 3744 Donaldson.

893 3799 924 3813 -
941 3771 1004 3824 The
1018 3771 1075 3839 xxj
1092 3770 1182 3836 bolca.)

161 3849 231 3903 dum
247 3852 342 3904 Guido
360 3869 365 3903 :
380 3874 394 3900 α
409 3852 589 3905 Andromela
603 3868 676 3905 vxor
690 3852 857 3906 hectoris...
877 3851 912 3902 de
930 3851 1048 3903 hectore
1061 3850 1137 3908 uidit
1152 3851 1183 3902 in

161 3947 265 3984 somno
285 3934 357 3986 satis
370 3933 529 3987 terribilem
544 3934 730 3987 visionem...
745 3937 798 3985 etc.
813 3952 827 3980 a
840 3931 914 3994 (Lib.
928 3931 979 4012 w,
992 3947 1055 3998 cap.
1070 3931 1121 3996 X.)
