<?xml version="1.0" encoding="UTF-8"?>
<!DOCTYPE html PUBLIC "-//W3C//DTD XHTML 1.0 Transitional//EN"
    "http://www.w3.org/TR/xhtml1/DTD/xhtml1-transitional.dtd">
<html xmlns="http://www.w3.org/1999/xhtml" xml:lang="en" lang="en">
 <head>
  <title>
</title>
<meta http-equiv="Content-Type" content="text/html;charset=utf-8" />
  <meta name='ocr-system' content='tesseract 3.04.00' />
  <meta name='ocr-capabilities' content='ocr_page ocr_carea ocr_par ocr_line ocrx_word'/>
</head>
<body>
  <div class='ocr_page' id='page_1' title='image "./dejosephoexonie00jussgoog_0049.png"; bbox 0 0 2678 4718; ppageno 0'>
   <div class='ocr_carea' id='block_1_1' title="bbox 651 322 792 375">
    <p class='ocr_par' dir='ltr' id='par_1_1' title="bbox 651 322 792 375">
     <span class='ocr_line' id='line_1_1' title="bbox 651 322 792 375; baseline 0 -14"><span class='ocrx_word' id='word_1_1' title='bbox 651 322 792 375; x_wconf 67' lang='lat'>.-42-</span> 
     </span>
    </p>
   </div>
   <div class='ocr_carea' id='block_1_2' title="bbox 208 463 1225 962">
    <p class='ocr_par' dir='ltr' id='par_1_2' title="bbox 208 463 1225 962">
     <span class='ocr_line' id='line_1_2' title="bbox 209 463 1220 566; baseline 0.009 -34"><span class='ocrx_word' id='word_1_2' title='bbox 209 463 323 534; x_wconf 88' lang='lat' dir='ltr'>visus</span> <span class='ocrx_word' id='word_1_3' title='bbox 350 464 442 548; x_wconf 89' lang='lat' dir='ltr'>sim,</span> <span class='ocrx_word' id='word_1_4' title='bbox 478 486 574 560; x_wconf 85' lang='lat' dir='ltr'>rogo</span> <span class='ocrx_word' id='word_1_5' title='bbox 597 470 642 536; x_wconf 86' lang='lat' dir='ltr'>ut</span> <span class='ocrx_word' id='word_1_6' title='bbox 674 488 769 536; x_wconf 90' lang='lat' dir='ltr'>cum</span> <span class='ocrx_word' id='word_1_7' title='bbox 789 466 948 564; x_wconf 83' lang='lat' dir='ltr'>aliquid</span> <span class='ocrx_word' id='word_1_8' title='bbox 969 469 1220 566; x_wconf 82' lang='lat' dir='ltr'>scriptorum</span> 
     </span>
     <span class='ocr_line' id='line_1_3' title="bbox 211 599 1225 698; baseline 0.008 -31"><span class='ocrx_word' id='word_1_9' title='bbox 211 618 396 669; x_wconf 89' lang='lat' dir='ltr'>meorum</span> <span class='ocrx_word' id='word_1_10' title='bbox 417 599 524 670; x_wconf 91' lang='lat' dir='ltr'>inter</span> <span class='ocrx_word' id='word_1_11' title='bbox 538 605 673 671; x_wconf 88' lang='lat' dir='ltr'>vestra</span> <span class='ocrx_word' id='word_1_12' title='bbox 687 601 934 695; x_wconf 66' lang='lat' dir='ltr'>repereritis</span> <span class='ocrx_word' id='word_1_13' title='bbox 962 602 987 673; x_wconf 90' lang='lat' dir='ltr'><strong>J</strong></span> <span class='ocrx_word' id='word_1_14' title='bbox 990 603 1117 698; x_wconf 87' lang='lat' dir='ltr'>oseph</span> <span class='ocrx_word' id='word_1_15' title='bbox 1134 625 1225 675; x_wconf 91' lang='lat' dir='ltr'>ves·</span> 
     </span>
     <span class='ocr_line' id='line_1_4' title="bbox 208 729 1224 826; baseline 0.01 -26"><span class='ocrx_word' id='word_1_16' title='bbox 208 731 262 802; x_wconf 90' lang='lat' dir='ltr'>tri</span> <span class='ocrx_word' id='word_1_17' title='bbox 278 729 539 826; x_wconf 89' lang='lat' dir='ltr'>aliquatenus</span> <span class='ocrx_word' id='word_1_18' title='bbox 560 733 757 804; x_wconf 90' lang='lat' dir='ltr'>memoria</span> <span class='ocrx_word' id='word_1_19' title='bbox 779 732 896 806; x_wconf 89' lang='lat' dir='ltr'>vobis</span> <span class='ocrx_word' id='word_1_20' title='bbox 919 736 1154 809; x_wconf 87' lang='lat' dir='ltr'>innovetur.</span> <span class='ocrx_word' id='word_1_21' title='bbox 1180 737 1224 810; x_wconf 91' lang='lat' dir='ltr'>Si</span> 
     </span>
     <span class='ocr_line' id='line_1_5' title="bbox 211 864 830 962; baseline 0.005 -28"><span class='ocrx_word' id='word_1_22' title='bbox 211 864 323 936; x_wconf 90' lang='lat' dir='ltr'>enim</span> <span class='ocrx_word' id='word_1_23' title='bbox 338 864 458 959; x_wconf 84' lang='lat' dir='ltr'>juxta</span> <span class='ocrx_word' id='word_1_24' title='bbox 478 866 685 962; x_wconf 87' lang='lat' dir='ltr'>poeticum</span> <span class='ocrx_word' id='word_1_25' title='bbox 702 865 830 939; x_wconf 88' lang='lat' dir='ltr'>illud:</span> 
     </span>
    </p>
   </div>
   <div class='ocr_carea' id='block_1_3' title="bbox 352 1033 1062 1234">
    <p class='ocr_par' dir='ltr' id='par_1_3' title="bbox 352 1033 1062 1234">
     <span class='ocr_line' id='line_1_6' title="bbox 352 1033 1062 1119; baseline 0.013 -23"><span class='ocrx_word' id='word_1_26' title='bbox 352 1033 529 1096; x_wconf 88' lang='lat' dir='ltr'>Dormitat</span> <span class='ocrx_word' id='word_1_27' title='bbox 542 1038 570 1096; x_wconf 93' lang='lat' dir='ltr'>si</span> <span class='ocrx_word' id='word_1_28' title='bbox 583 1053 652 1097; x_wconf 92' lang='lat' dir='ltr'>non</span> <span class='ocrx_word' id='word_1_29' title='bbox 668 1035 745 1098; x_wconf 89' lang='lat' dir='ltr'>visu</span> <span class='ocrx_word' id='word_1_30' title='bbox 761 1041 926 1119; x_wconf 87' lang='lat' dir='ltr'>pascatur</span> <span class='ocrx_word' id='word_1_31' title='bbox 939 1040 1062 1105; x_wconf 74' lang='lat' dir='ltr'>amico·</span> 
     </span>
     <span class='ocr_line' id='line_1_7' title="bbox 353 1151 1046 1234; baseline 0.006 -22"><span class='ocrx_word' id='word_1_32' title='bbox 353 1151 399 1215; x_wconf 88' lang='lat' dir='ltr'>Et</span> <span class='ocrx_word' id='word_1_33' title='bbox 414 1170 484 1214; x_wconf 92' lang='lat' dir='ltr'>non</span> <span class='ocrx_word' id='word_1_34' title='bbox 498 1151 668 1234; x_wconf 92' lang='lat' dir='ltr'>colloquio</span> <span class='ocrx_word' id='word_1_35' title='bbox 681 1172 773 1234; x_wconf 83' lang='lat' dir='ltr'>saepe</span> <span class='ocrx_word' id='word_1_36' title='bbox 787 1152 924 1217; x_wconf 85' lang='lat' dir='ltr'>fruatur</span> <span class='ocrx_word' id='word_1_37' title='bbox 938 1173 1046 1216; x_wconf 87' lang='lat' dir='ltr'>amor.</span> 
     </span>
    </p>
   </div>
   <div class='ocr_carea' id='block_1_4' title="bbox 263 1332 1223 1437">
    <p class='ocr_par' dir='ltr' id='par_1_4' title="bbox 263 1332 1223 1437">
     <span class='ocr_line' id='line_1_8' title="bbox 263 1332 1223 1437; baseline 0.006 -31"><span class='ocrx_word' id='word_1_38' title='bbox 263 1335 321 1406; x_wconf 94' lang='lat' dir='ltr'>De</span> <span class='ocrx_word' id='word_1_39' title='bbox 345 1332 624 1405; x_wconf 86' lang='lat' dir='ltr'>recordatione</span> <span class='ocrx_word' id='word_1_40' title='bbox 640 1336 779 1416; x_wconf 86' lang='lat' dir='ltr'>vestri,</span> <span class='ocrx_word' id='word_1_41' title='bbox 811 1334 976 1408; x_wconf 90' lang='lat' dir='ltr'>domine</span> <span class='ocrx_word' id='word_1_42' title='bbox 1012 1339 1082 1423; x_wconf 92' lang='lat' dir='ltr'>mi,</span> <span class='ocrx_word' id='word_1_43' title='bbox 1119 1339 1223 1437; x_wconf 93' lang='lat' dir='ltr'>quid</span> 
     </span>
    </p>
   </div>
   <div class='ocr_carea' id='block_1_5' title="bbox 213 1468 1228 1575">
    <p class='ocr_par' dir='ltr' id='par_1_5' title="bbox 213 1468 1228 1575">
     <span class='ocr_line' id='line_1_9' title="bbox 213 1468 1228 1575; baseline 0.005 -35"><span class='ocrx_word' id='word_1_44' title='bbox 213 1468 297 1553; x_wconf 89' lang='lat' dir='ltr'>fiet,</span> <span class='ocrx_word' id='word_1_45' title='bbox 314 1490 446 1565; x_wconf 92' lang='lat' dir='ltr'>quum</span> <span class='ocrx_word' id='word_1_46' title='bbox 466 1490 530 1538; x_wconf 91' lang='lat' dir='ltr'>me</span> <span class='ocrx_word' id='word_1_47' title='bbox 544 1469 587 1538; x_wconf 90' lang='lat' dir='ltr'>in</span> <span class='ocrx_word' id='word_1_48' title='bbox 608 1474 692 1540; x_wconf 89' lang='lat' dir='ltr'>tam</span> <span class='ocrx_word' id='word_1_49' title='bbox 721 1469 993 1566; x_wconf 85' lang='lat' dir='ltr'>longinquam</span> <span class='ocrx_word' id='word_1_50' title='bbox 1017 1474 1228 1575; x_wconf 72' lang='lat' dir='ltr'>regionem</span> 
     </span>
    </p>
   </div>
   <div class='ocr_carea' id='block_1_6' title="bbox 192 1587 1285 3590">
    <p class='ocr_par' dir='ltr' id='par_1_6' title="bbox 192 1587 1285 2508">
     <span class='ocr_line' id='line_1_10' title="bbox 192 1587 1230 1701; baseline 0.004 -25"><span class='ocrx_word' id='word_1_51' title='bbox 192 1587 194 1591; x_wconf 31' lang='lat'>⁵</span> <span class='ocrx_word' id='word_1_52' title='bbox 216 1601 408 1701; x_wconf 83' lang='lat' dir='ltr'>profecto.</span> <span class='ocrx_word' id='word_1_53' title='bbox 431 1603 545 1676; x_wconf 90' lang='lat' dir='ltr'>nulla</span> <span class='ocrx_word' id='word_1_54' title='bbox 564 1601 613 1673; x_wconf 92' lang='lat' dir='ltr'>de</span> <span class='ocrx_word' id='word_1_55' title='bbox 632 1607 764 1674; x_wconf 91' lang='lat' dir='ltr'>cetero</span> <span class='ocrx_word' id='word_1_56' title='bbox 785 1609 943 1676; x_wconf 86' lang='lat' dir='ltr'>mutuae</span> <span class='ocrx_word' id='word_1_57' title='bbox 962 1606 1136 1678; x_wconf 88' lang='lat' dir='ltr'>visionis</span> <span class='ocrx_word' id='word_1_58' title='bbox 1159 1631 1230 1681; x_wconf 93' lang='lat' dir='ltr'>seu</span> 
     </span>
     <span class='ocr_line' id='line_1_11' title="bbox 215 1735 1230 1837; baseline 0.001 -26"><span class='ocrx_word' id='word_1_59' title='bbox 215 1738 498 1811; x_wconf 91' lang='lat' dir='ltr'>collocutionis</span> <span class='ocrx_word' id='word_1_60' title='bbox 533 1759 624 1832; x_wconf 89' lang='lat' dir='ltr'>spes</span> <span class='ocrx_word' id='word_1_61' title='bbox 659 1735 901 1809; x_wconf 81' lang='lat' dir='ltr'>resideat‘l...</span> <span class='ocrx_word' id='word_1_62' title='bbox 936 1737 1114 1811; x_wconf 88' lang='lat' dir='ltr'>Obsecro</span> <span class='ocrx_word' id='word_1_63' title='bbox 1139 1741 1230 1837; x_wconf 88' lang='lat' dir='ltr'>jam</span> 
     </span>
     <span class='ocr_line' id='line_1_12' title="bbox 216 1869 1228 1972; baseline 0 -25"><span class='ocrx_word' id='word_1_64' title='bbox 216 1872 327 1972; x_wconf 90' lang='lat' dir='ltr'>quod</span> <span class='ocrx_word' id='word_1_65' title='bbox 343 1873 431 1945; x_wconf 90' lang='lat' dir='ltr'>siue</span> <span class='ocrx_word' id='word_1_66' title='bbox 446 1870 640 1966; x_wconf 86' lang='lat' dir='ltr'>lacrymis</span> <span class='ocrx_word' id='word_1_67' title='bbox 660 1893 745 1943; x_wconf 88' lang='lat' dir='ltr'>nou</span> <span class='ocrx_word' id='word_1_68' title='bbox 769 1869 944 1967; x_wconf 84' lang='lat' dir='ltr'>profer0,</span> <span class='ocrx_word' id='word_1_69' title='bbox 979 1878 1228 1960; x_wconf 86' lang='lat' dir='ltr'>extremum,</span> 
     </span>
     <span class='ocr_line' id='line_1_13' title="bbox 218 2001 1228 2105; baseline 0 -25"><span class='ocrx_word' id='word_1_70' title='bbox 218 2016 266 2083; x_wconf 88' lang='lat' dir='ltr'>ut</span> <span class='ocrx_word' id='word_1_71' title='bbox 285 2014 400 2105; x_wconf 78' lang='lat' dir='ltr'>pute,</span> <span class='ocrx_word' id='word_1_72' title='bbox 435 2005 571 2079; x_wconf 91' lang='lat' dir='ltr'>dilecti</span> <span class='ocrx_word' id='word_1_73' title='bbox 597 2005 722 2077; x_wconf 86' lang='lat' dir='ltr'>vestri</span> <span class='ocrx_word' id='word_1_74' title='bbox 748 2001 902 2100; x_wconf 89' lang='lat' dir='ltr'>Joseph</span> <span class='ocrx_word' id='word_1_75' title='bbox 930 2007 1019 2078; x_wconf 87' lang='lat' dir='ltr'>vale</span> <span class='ocrx_word' id='word_1_76' title='bbox 1044 2007 1228 2105; x_wconf 86' lang='lat' dir='ltr'>accipite,</span> 
     </span>
     <span class='ocr_line' id='line_1_14' title="bbox 217 2137 1230 2236; baseline 0 -21"><span class='ocrx_word' id='word_1_77' title='bbox 217 2151 258 2215; x_wconf 87' lang='lat' dir='ltr'>et</span> <span class='ocrx_word' id='word_1_78' title='bbox 284 2166 333 2214; x_wconf 86' lang='lat' dir='ltr'>ex</span> <span class='ocrx_word' id='word_1_79' title='bbox 361 2139 621 2213; x_wconf 90' lang='lat' dir='ltr'>munusculis</span> <span class='ocrx_word' id='word_1_80' title='bbox 651 2138 766 2223; x_wconf 80' lang='lat' dir='ltr'>meiS,</span> <span class='ocrx_word' id='word_1_81' title='bbox 802 2137 1002 2236; x_wconf 80' lang='lat' dir='ltr'>quamdiu</span> <span class='ocrx_word' id='word_1_82' title='bbox 1031 2139 1149 2214; x_wconf 90' lang='lat' dir='ltr'>vobis</span> <span class='ocrx_word' id='word_1_83' title='bbox 1182 2167 1230 2215; x_wconf 89' lang='lat' dir='ltr'>ea</span> 
     </span>
     <span class='ocr_line' id='line_1_15' title="bbox 217 2271 1285 2373; baseline 0.004 -26"><span class='ocrx_word' id='word_1_84' title='bbox 217 2275 365 2349; x_wconf 86' lang='lat' dir='ltr'>habere</span> <span class='ocrx_word' id='word_1_85' title='bbox 380 2272 592 2373; x_wconf 80' lang='lat' dir='ltr'>placuerit,</span> <span class='ocrx_word' id='word_1_86' title='bbox 615 2271 855 2346; x_wconf 88' lang='lat' dir='ltr'>firmitatem</span> <span class='ocrx_word' id='word_1_87' title='bbox 876 2272 1107 2347; x_wconf 88' lang='lat' dir='ltr'>devotionis</span> <span class='ocrx_word' id='word_1_88' title='bbox 1127 2299 1231 2352; x_wconf 84' lang='lat' dir='ltr'>meae</span> <span class='ocrx_word' id='word_1_89' title='bbox 1282 2327 1285 2334; x_wconf 87' lang='lat'>-</span> 
     </span>
     <span class='ocr_line' id='line_1_16' title="bbox 217 2406 949 2508; baseline -0.007 -25"><span class='ocrx_word' id='word_1_90' title='bbox 217 2434 311 2508; x_wconf 85' lang='lat' dir='ltr'>erga</span> <span class='ocrx_word' id='word_1_91' title='bbox 327 2433 401 2483; x_wconf 86' lang='lat' dir='ltr'>vos</span> <span class='ocrx_word' id='word_1_92' title='bbox 420 2407 529 2482; x_wconf 88' lang='lat' dir='ltr'>fideli</span> <span class='ocrx_word' id='word_1_93' title='bbox 552 2406 687 2482; x_wconf 90' lang='lat' dir='ltr'>officio</span> <span class='ocrx_word' id='word_1_94' title='bbox 702 2408 865 2481; x_wconf 84' lang='lat' dir='ltr'>recolite</span> <span class='ocrx_word' id='word_1_95' title='bbox 877 2410 901 2482; x_wconf 89' lang='lat'>¹.</span> <span class='ocrx_word' id='word_1_96' title='bbox 932 2437 949 2479; x_wconf 83' lang='grc'>»</span> 
     </span>
    </p>

    <p class='ocr_par' dir='ltr' id='par_1_7' title="bbox 212 2542 1238 3590">
     <span class='ocr_line' id='line_1_17' title="bbox 264 2542 1228 2643; baseline 0 -25"><span class='ocrx_word' id='word_1_97' title='bbox 264 2546 355 2628; x_wconf 80' lang='lat' dir='ltr'>His,</span> <span class='ocrx_word' id='word_1_98' title='bbox 394 2567 522 2643; x_wconf 90' lang='lat' dir='ltr'>quam</span> <span class='ocrx_word' id='word_1_99' title='bbox 555 2545 729 2617; x_wconf 90' lang='lat' dir='ltr'>humani</span> <span class='ocrx_word' id='word_1_100' title='bbox 760 2542 885 2617; x_wconf 88' lang='lat' dir='ltr'>fuerit</span> <span class='ocrx_word' id='word_1_101' title='bbox 922 2545 1067 2630; x_wconf 88' lang='lat' dir='ltr'>animi,</span> <span class='ocrx_word' id='word_1_102' title='bbox 1100 2569 1228 2643; x_wconf 87' lang='lat' dir='ltr'>quam</span> 
     </span>
     <span class='ocr_line' id='line_1_18' title="bbox 216 2678 1228 2780; baseline -0.004 -25"><span class='ocrx_word' id='word_1_103' title='bbox 216 2705 331 2780; x_wconf 87' lang='lat' dir='ltr'>purae</span> <span class='ocrx_word' id='word_1_104' title='bbox 350 2704 541 2779; x_wconf 86' lang='lat' dir='ltr'>sanaeque</span> <span class='ocrx_word' id='word_1_105' title='bbox 561 2681 712 2753; x_wconf 85' lang='lat' dir='ltr'>mentis</span> <span class='ocrx_word' id='word_1_106' title='bbox 726 2680 750 2751; x_wconf 85' lang='lat' dir='ltr'>J</span> <span class='ocrx_word' id='word_1_107' title='bbox 754 2680 945 2776; x_wconf 78' lang='lat' dir='ltr'>osephuS,</span> <span class='ocrx_word' id='word_1_108' title='bbox 966 2678 1081 2751; x_wconf 88' lang='lat' dir='ltr'>facile</span> <span class='ocrx_word' id='word_1_109' title='bbox 1096 2681 1228 2775; x_wconf 90' lang='lat' dir='ltr'>perci-</span> 
     </span>
     <span class='ocr_line' id='line_1_19' title="bbox 216 2814 1227 2918; baseline -0.004 -28"><span class='ocrx_word' id='word_1_110' title='bbox 216 2840 310 2918; x_wconf 85' lang='lat' dir='ltr'>pere</span> <span class='ocrx_word' id='word_1_111' title='bbox 347 2820 478 2914; x_wconf 91' lang='lat' dir='ltr'>potes.</span> <span class='ocrx_word' id='word_1_112' title='bbox 510 2814 834 2887; x_wconf 77' lang='lat' dir='ltr'>«Munusculo»</span> <span class='ocrx_word' id='word_1_113' title='bbox 864 2837 957 2911; x_wconf 88' lang='lat' dir='ltr'>quae</span> <span class='ocrx_word' id='word_1_114' title='bbox 1000 2815 1146 2898; x_wconf 87' lang='lat' dir='ltr'>amico,</span> <span class='ocrx_word' id='word_1_115' title='bbox 1182 2815 1227 2887; x_wconf 92' lang='lat' dir='ltr'>in</span> 
     </span>
     <span class='ocr_line' id='line_1_20' title="bbox 215 2947 1228 3034; baseline -0.005 -8"><span class='ocrx_word' id='word_1_116' title='bbox 215 2951 459 3026; x_wconf 89' lang='lat' dir='ltr'>memoriam</span> <span class='ocrx_word' id='word_1_117' title='bbox 477 2949 677 3034; x_wconf 84' lang='lat' dir='ltr'>absentis,</span> <span class='ocrx_word' id='word_1_118' title='bbox 693 2948 876 3031; x_wconf 80' lang='lat' dir='ltr'>miserat,</span> <span class='ocrx_word' id='word_1_119' title='bbox 892 2947 941 3020; x_wconf 90' lang='lat' dir='ltr'>de</span> <span class='ocrx_word' id='word_1_120' title='bbox 957 2954 1098 3020; x_wconf 84' lang='lat' dir='ltr'>sancto</span> <span class='ocrx_word' id='word_1_121' title='bbox 1114 2948 1228 3021; x_wconf 87' lang='lat' dir='ltr'>Mar·</span> 
     </span>
     <span class='ocr_line' id='line_1_21' title="bbox 212 3082 1227 3187; baseline -0.007 -26"><span class='ocrx_word' id='word_1_122' title='bbox 212 3089 303 3161; x_wconf 91' lang='lat' dir='ltr'>tino</span> <span class='ocrx_word' id='word_1_123' title='bbox 312 3110 482 3187; x_wconf 79' lang='lat' dir='ltr'>prosam</span> <span class='ocrx_word' id='word_1_124' title='bbox 496 3083 715 3183; x_wconf 86' lang='lat' dir='ltr'>forsanque</span> <span class='ocrx_word' id='word_1_125' title='bbox 734 3082 783 3156; x_wconf 93' lang='lat' dir='ltr'>de</span> <span class='ocrx_word' id='word_1_126' title='bbox 798 3083 913 3155; x_wconf 94' lang='lat' dir='ltr'>Bello</span> <span class='ocrx_word' id='word_1_127' title='bbox 927 3083 1106 3179; x_wconf 89' lang='lat' dir='ltr'>Trojano</span> <span class='ocrx_word' id='word_1_128' title='bbox 1130 3107 1227 3182; x_wconf 91' lang='lat' dir='ltr'>poe-</span> 
     </span>
     <span class='ocr_line' id='line_1_22' title="bbox 214 3215 1227 3318; baseline -0.007 -23"><span class='ocrx_word' id='word_1_129' title='bbox 214 3222 339 3295; x_wconf 86' lang='lat' dir='ltr'>matis</span> <span class='ocrx_word' id='word_1_130' title='bbox 352 3221 417 3293; x_wconf 92' lang='lat' dir='ltr'>sui</span> <span class='ocrx_word' id='word_1_131' title='bbox 436 3220 615 3292; x_wconf 89' lang='lat' dir='ltr'>codicem</span> <span class='ocrx_word' id='word_1_132' title='bbox 628 3216 851 3318; x_wconf 87' lang='lat' dir='ltr'>quemdam</span> <span class='ocrx_word' id='word_1_133' title='bbox 865 3215 991 3288; x_wconf 83' lang='lat' dir='ltr'>fuisse</span> <span class='ocrx_word' id='word_1_134' title='bbox 1008 3237 1091 3286; x_wconf 92' lang='lat' dir='ltr'>non</span> <span class='ocrx_word' id='word_1_135' title='bbox 1112 3217 1227 3312; x_wconf 86' lang='lat' dir='ltr'>igno-</span> 
     </span>
     <span class='ocr_line' id='line_1_23' title="bbox 213 3349 1238 3457; baseline -0.01 -25"><span class='ocrx_word' id='word_1_136' title='bbox 213 3364 343 3432; x_wconf 88' lang='lat' dir='ltr'>ratur.</span> <span class='ocrx_word' id='word_1_137' title='bbox 378 3353 592 3457; x_wconf 83' lang='lat' dir='ltr'>Profectus</span> <span class='ocrx_word' id='word_1_138' title='bbox 625 3360 687 3427; x_wconf 89' lang='lat' dir='ltr'>est</span> <span class='ocrx_word' id='word_1_139' title='bbox 723 3374 860 3449; x_wconf 90' lang='lat' dir='ltr'>porro,</span> <span class='ocrx_word' id='word_1_140' title='bbox 899 3349 1022 3422; x_wconf 76' lang='lat' dir='ltr'>Musa</span> <span class='ocrx_word' id='word_1_141' title='bbox 1059 3351 1238 3444; x_wconf 79' lang='lat' dir='ltr'>comite,</span> 
     </span>
     <span class='ocr_line' id='line_1_24' title="bbox 214 3485 1225 3590; baseline -0.007 -25"><span class='ocrx_word' id='word_1_142' title='bbox 214 3516 383 3577; x_wconf 87' lang='lat' dir='ltr'>novum,</span> <span class='ocrx_word' id='word_1_143' title='bbox 400 3492 512 3590; x_wconf 91' lang='lat' dir='ltr'>quod</span> <span class='ocrx_word' id='word_1_144' title='bbox 526 3490 680 3564; x_wconf 87' lang='lat' dir='ltr'>multos</span> <span class='ocrx_word' id='word_1_145' title='bbox 695 3492 790 3586; x_wconf 86' lang='lat' dir='ltr'>post</span> <span class='ocrx_word' id='word_1_146' title='bbox 816 3508 948 3559; x_wconf 87' lang='lat' dir='ltr'>anuos</span> <span class='ocrx_word' id='word_1_147' title='bbox 971 3486 1057 3581; x_wconf 91' lang='lat' dir='ltr'>ipse</span> <span class='ocrx_word' id='word_1_148' title='bbox 1084 3485 1225 3558; x_wconf 89' lang='lat' dir='ltr'>condi-</span> 
     </span>
    </p>
   </div>
   <div class='ocr_carea' id='block_1_7' title="bbox 245 3682 1306 3750">
    <p class='ocr_par' dir='ltr' id='par_1_8' title="bbox 245 3682 1306 3750">
     <span class='ocr_line' id='line_1_25' title="bbox 245 3682 1306 3750; baseline -0.008 -12"><span class='ocrx_word' id='word_1_149' title='bbox 245 3687 339 3741; x_wconf 81' lang='lat' dir='ltr'>¹Vid.</span> <span class='ocrx_word' id='word_1_150' title='bbox 358 3689 483 3741; x_wconf 79' lang='lat' dir='ltr'>Marten.</span> <span class='ocrx_word' id='word_1_151' title='bbox 511 3685 649 3737; x_wconf 76' lang='lat' dir='ltr'>Veterum</span> <span class='ocrx_word' id='word_1_152' title='bbox 669 3682 893 3750; x_wconf 59' lang='lat' dir='ltr'>scriptorumet</span> <span class='ocrx_word' id='word_1_153' title='bbox 914 3682 1222 3733; x_wconf 81' lang='lat' dir='ltr'>Monumentorum.....</span> <span class='ocrx_word' id='word_1_154' title='bbox 1301 3698 1306 3707; x_wconf 94' lang='lat'>·</span> 
     </span>
    </p>
   </div>
   <div class='ocr_carea' id='block_1_8' title="bbox 210 3763 1046 3910">
    <p class='ocr_par' dir='ltr' id='par_1_9' title="bbox 210 3763 1046 3910">
     <span class='ocr_line' id='line_1_26' title="bbox 210 3763 803 3836; baseline -0.012 -16"><span class='ocrx_word' id='word_1_155' title='bbox 210 3768 402 3836; x_wconf 82' lang='lat' dir='ltr'>Amplissima</span> <span class='ocrx_word' id='word_1_156' title='bbox 417 3767 560 3826; x_wconf 80' lang='lat' dir='ltr'>collectio,</span> <span class='ocrx_word' id='word_1_157' title='bbox 575 3769 646 3816; x_wconf 89' lang='lat' dir='ltr'>tom.</span> <span class='ocrx_word' id='word_1_158' title='bbox 660 3765 680 3824; x_wconf 86' lang='lat'>1,</span> <span class='ocrx_word' id='word_1_159' title='bbox 693 3763 803 3814; x_wconf 77' lang='lat' dir='ltr'>col.938.</span> 
     </span>
     <span class='ocr_line' id='line_1_27' title="bbox 240 3843 1046 3910; baseline -0.007 -11"><span class='ocrx_word' id='word_1_160' title='bbox 240 3848 337 3903; x_wconf 80' lang='lat' dir='ltr'>¹Vid.</span> <span class='ocrx_word' id='word_1_161' title='bbox 350 3846 504 3901; x_wconf 75' lang='lat' dir='ltr'>Mabilonii</span> <span class='ocrx_word' id='word_1_162' title='bbox 524 3846 630 3897; x_wconf 76' lang='lat' dir='ltr'>Vetera</span> <span class='ocrx_word' id='word_1_163' title='bbox 647 3845 797 3905; x_wconf 77' lang='lat' dir='ltr'>Analecta,</span> <span class='ocrx_word' id='word_1_164' title='bbox 814 3844 886 3904; x_wconf 79' lang='grc'><strong>1723,</strong></span> <span class='ocrx_word' id='word_1_165' title='bbox 904 3857 970 3910; x_wconf 76' lang='lat' dir='ltr'>pag.</span> <span class='ocrx_word' id='word_1_166' title='bbox 986 3843 1046 3896; x_wconf 67' lang='lat'>483.</span> 
     </span>
    </p>
   </div>
   <div class='ocr_carea' id='block_1_9' title="bbox 0 0 1347 4718">
    <p class='ocr_par' dir='ltr' id='par_1_10' title="bbox 0 0 1347 4718">
     <span class='ocr_line' id='line_1_28' title="bbox 0 0 1347 4718; baseline 0 0"><span class='ocrx_word' id='word_1_167' title='bbox 0 0 1347 4718; x_wconf 95' lang='lat' dir='ltr'> </span> 
     </span>
    </p>
   </div>
  </div>
 </body>
</html>
