2678 4718
603 292 736 345 ..22-

212 440 276 513 llli
299 444 437 512 autem
463 440 535 536 qui
565 440 723 534 gallica,
756 464 839 513 nou
874 443 1000 513 latina
1031 441 1176 536 lingua

161 573 396 657 utebantur,
419 574 530 646 haud
552 577 705 649 «stulti
741 575 949 672 »quidem
980 597 1076 646 mox
1096 574 1174 647 ha·

160 707 236 782 biti
266 715 384 794 sunt;
422 733 550 808 eoque
597 717 779 807 tempore
810 711 989 783 maxime
1025 708 1173 806 cyclici

160 853 290 943 poetae
317 843 561 919 floruerunt.
584 847 762 917 Istorum
781 844 950 918 tandem
970 843 1172 926 carmina,

156 978 413 1076 temporibus
446 980 626 1062 nostris,
666 979 710 1050 in
740 980 966 1061 honorem,
1000 979 1176 1073 longum

158 1118 252 1210 post
270 1113 483 1196 oblivium,
505 1120 727 1196 venerunt;
757 1136 805 1186 ue
823 1135 920 1185 vero
946 1114 990 1184 in
1005 1135 1047 1185 re
1072 1083 1177 1185 notd

157 1248 448 1345 propositoque
484 1248 620 1320 inutili
664 1247 821 1318 multus
855 1248 949 1328 sim,
992 1270 1085 1342 quae
1117 1243 1175 1319 ad

158 1383 393 1456 Arthurum
408 1382 649 1457 Carolumve
665 1381 866 1478 Magnum
879 1386 1079 1478 spectant,
1096 1377 1178 1453 lin-

158 1538 304 1613 quam;
333 1516 382 1589 de
407 1517 539 1614 poetis
563 1523 704 1588 autem
727 1515 800 1610 qui
824 1515 1056 1587 Romanam
1087 1540 1178 1587 ma-

160 1651 315 1738 teriem,
343 1651 486 1723 eodem
528 1650 610 1723 lere
638 1656 821 1745 tempore
856 1674 939 1747 quo
963 1650 1174 1747 Josephus

157 1787 417 1871 Exoniensis,
449 1784 678 1858 ornandam
709 1785 932 1882 elegerunt,
961 1809 1089 1882 pauca
1108 1787 1176 1859 di-

159 1945 264 1995 cam.

206 2058 231 2129 J
234 2080 302 2130 am
315 2057 426 2154 apud
440 2058 636 2154 antiquos
650 2058 728 2129 viri
748 2055 935 2153 quidam,
955 2055 1068 2129 haud
1079 2055 1174 2129 sine

160 2193 324 2289 ingenio
336 2199 456 2277 certe,
473 2190 699 2264 Alexandri
714 2193 844 2262 vitam
856 2187 1007 2264 fabulis
1026 2212 1175 2263 ornare

160 2332 389 2422 coeperant3
403 2326 462 2397 illi
476 2332 630 2413 autem,
641 2326 815 2422 imperio
826 2347 998 2397 romano
1010 2331 1173 2413 ruente,

159 2459 318 2558 aliquid
334 2461 445 2540 novi,
462 2459 515 2533 ad
529 2461 767 2556 exemplum
789 2461 1059 2556 pristinorum
1078 2459 1173 2555 phi·

161 2595 441 2692 losophorum,
459 2596 530 2692 qui
541 2594 718 2691 propriae
730 2593 898 2703 quidem
909 2599 982 2665 aut
993 2593 1174 2665 aliorum

162 2730 293 2801 menti
309 2727 545 2814 studebant,
561 2727 735 2801 creando
751 2727 943 2825 impares,
957 2726 1066 2800 fictis
1083 2751 1175 2825 por·

162 2864 288 2936 tentis
317 2865 515 2961 vanisque
542 2862 749 2953 miraculis
772 2867 948 2934 veterem
969 2859 1173 2935 nobilem·

162 3022 241 3095 que
260 3021 347 3071 rem
363 3021 559 3071 renovare
577 3003 857 3070 tentaverunt.
877 2995 1071 3068 Miranda
1103 2997 1174 3070 isti

62 3217 65 3220 ¹
162 3157 236 3231 pro
254 3158 348 3207 vero
368 3133 583 3231 dederunt,
601 3134 871 3228 omniumque
892 3132 1050 3226 primus
1071 3132 1176 3205 cele·

162 3266 364 3340 berrimus
403 3267 468 3340 ille
492 3267 674 3358 Quintus
702 3248 882 3346 Curtius,
919 3266 990 3360 qui
1015 3271 1174 3349 tamen,

164 3402 544 3499 quumystupendos
574 3397 800 3472 Alexandri
825 3420 943 3470 casus
974 3407 1175 3485 narraret,

166 3560 250 3609 non
265 3538 401 3634 potuit
416 3537 518 3633 quin
532 3535 673 3606 omnia
687 3557 781 3630 quae
796 3532 945 3604 diceret
965 3555 1048 3616 non
1070 3557 1179 3606 sem·

163 3695 235 3769 per
266 3671 426 3744 credere
464 3695 506 3742 se
538 3669 735 3743 fateretur
767 3693 775 3739 :
811 3694 829 3739 a
860 3667 1078 3764 Equidem,
1102 3671 1176 3755 ait,

164 3805 283 3901 plura
302 3802 532 3876 transcribo
547 3827 679 3902 quam
693 3801 812 3876 credo
834 3825 842 3872 :
866 3824 962 3873 nam
977 3825 1050 3872 nec
1065 3801 1178 3877 affir-
