2678 4718
663 349 826 400 -lle-

233 485 441 570 Suspectam
455 487 621 550 formidat
635 487 783 551 humum
802 486 952 570 dicitque
965 488 1111 560 timere¹,

234 602 312 679 Quo
326 608 443 666 tutum
459 605 621 687 sperabat
635 606 701 666 iter
715 602 821 666 timor
834 601 928 665 elicit
942 607 1067 671 artem,

236 718 444 784 Consultura
460 720 588 784 uadum
604 719 736 782 medias
752 722 864 781 minor
876 718 991 782 alnus¹
1004 720 1039 781 in
1055 714 1177 792 undas,

233 833 390 909 Pellitur,
410 842 444 899 et
457 841 560 901 conto
574 836 718 899 metitur
735 833 848 898 iudice
861 842 1022 918 pontum,

233 950 362 1015 Litoris
382 951 505 1016 insidie
518 958 702 1038 postquam
717 959 860 1037 patuere
876 957 1008 1030 coacto,

233 1068 328 1132 Inter
349 1074 535 1152 utrumque
551 1070 663 1134 solum
680 1069 865 1134 decurrens
876 1069 986 1132 limite
999 1065 1137 1151 puppis,

234 1183 330 1246 Arua
348 1188 457 1267 petita
472 1185 598 1268 premit
611 1186 809 1271 fractasque
824 1184 967 1248 ostendit
984 1184 1146 1258 harenas

235 1299 328 1383 Qujd
343 1320 530 1364 memorem
545 1301 685 1365 esonide
700 1302 805 1365 duras
823 1300 970 1363 incidere
990 1298 1037 1382 (a)
1053 1297 1157 1382 legeS,

234 1413 334 1479 Oete³
352 1416 519 1498 imperio?
535 1416 620 1502 qujd
652 1416 797 1480 semina*
812 1417 925 1480 iactat
946 1415 1038 1500 Qujd
1056 1416 1189 1489 hostes,

234 1531 439 1616 Terrigenas
454 1536 646 1618 martisque
660 1535 768 1597 boues
784 1532 928 1618 seujque
944 1533 1112 1597 dracones
1126 1532 1178 1613 (b),

231 1649 403 1712 Excubias
422 1648 511 1733 ignis
526 1650 648 1714 uirtuti
662 1650 749 1714 cedit
767 1654 802 1713 et
815 1653 908 1713 ensis

141 1758 144 1765 ⁴
231 1765 455 1851 Eripiturque
471 1772 627 1851 emptum
641 1787 776 1830 sommo
790 1765 986 1830 discrimine
1001 1765 1124 1842 uellus,

230 1881 434 1965 Neptunum
450 1883 621 1947 senssisse
639 1888 743 1966 putes
760 1883 972 1966 fugientibus
986 1901 1103 1967 equor,

231 1999 349 2063 Altius
361 1997 528 2083 intumujt
546 1999 723 2084 fractaque
741 2000 891 2064 inlitora
906 1999 1044 2076 fluctuS,

231 2116 416 2180 Intonuere
433 2115 535 2178 simul
550 2115 680 2198 procul,
696 2137 715 2178 o
730 2117 849 2200 procul
863 2119 910 2180 ite
924 2116 1069 2199 profani,

230 2233 310 2295 Non
324 2233 404 2296 licet
418 2232 453 2294 in
469 2237 630 2295 sanctum
653 2253 730 2296 curn
745 2233 851 2316 preda
870 2233 1010 2297 tendere
1023 2236 1183 2316 pontum,

230 2349 306 2412 Has
318 2350 449 2412 nothus
463 2349 551 2412 haut
565 2354 706 2432 passus⁵
722 2370 845 2413 causas
861 2350 992 2413 instare
1010 2349 1158 2423 timoris

230 2465 405 2548 Preripuit
419 2484 533 2538 uoces,
553 2485 616 2529 nec
630 2469 695 2529 iter
713 2467 904 2530 conssessit
919 2467 954 2529 in
970 2487 1083 2540 aures,

228 2582 384 2666 Nauigat
398 2584 472 2645 auri
485 2601 583 2645 como
599 2582 757 2666 spoliatis
770 2582 895 2645 uellere
910 2582 1048 2659 colchis,

270 2806 391 2880 ¹lllud‚
412 2806 532 2869 scilicet
548 2815 676 2889 portum
694 2825 772 2891 quo,
795 2815 859 2869 etc.
889 2843 929 2852 -
956 2812 968 2843 ¹
989 2807 1087 2870 Nauis
1113 2827 1176 2890 que
1206 2809 1240 2872 in

229 2906 343 2969 maiori
357 2914 414 2968 est.
431 2941 471 2951 -
484 2909 495 2942 ³
507 2904 584 2970 Oeta
606 2924 662 2967 rex
686 2914 753 2967 erat
766 2906 939 2968 oolcorum.
959 2941 999 2950 -
1012 2909 1025 2942 ⁴
1043 2905 1159 2968 Dentes
1173 2925 1245 2970 ser-

228 3006 343 3089 pentis.
364 3005 446 3067 Nota
460 3005 546 3087 quod
565 3004 669 3087 primo
688 3004 856 3087 oportebat
871 3004 1045 3084 dragoneru
1073 3005 1240 3068 custodem

229 3105 357 3168 uelleris
375 3103 485 3186 sopirj,
510 3112 540 3166 et
554 3103 703 3176 interfici,
720 3104 860 3165 secundo
875 3103 975 3165 boues
989 3103 1100 3165 martis
1115 3103 1171 3185 qui
1185 3123 1244 3167 na·

228 3203 317 3266 ribus
338 3204 446 3285 ignem
460 3203 640 3265 eiectabant
662 3202 703 3264 ad
720 3202 830 3282 iugum
855 3220 969 3282 cogere
985 3210 1015 3264 et
1026 3220 1128 3275 arare,
1145 3203 1245 3266 tercio

234 3302 345 3364 dentes
360 3302 514 3385 serpentis
526 3310 561 3363 ut
572 3319 679 3363 semen
695 3319 855 3382 spargere,
872 3308 1074 3382 quartorum
1086 3299 1245 3364 militibus

227 3400 358 3464 armatis
368 3401 441 3463 inde
452 3399 535 3462 natis
545 3399 666 3462 bellum
677 3417 854 3472 conserere,
866 3405 913 3460 set
928 3397 1003 3479 quia
1016 3398 1076 3460 iste
1091 3396 1173 3462 forte
1184 3398 1236 3462 la-

225 3499 340 3563 bulosa
358 3506 459 3573 erant,
476 3499 549 3561 ideo
563 3498 641 3561 dicit
659 3496 744 3583 quid
773 3515 964 3559 memorem
988 3494 1079 3579 ipris
1104 3502 1237 3580 propter

227 3597 447 3672 boussenois,
464 3605 595 3680 propter
608 3595 962 3678 terrigenas—Quasi
971 3595 1091 3658 diceret
1103 3594 1151 3677 jta
1161 3595 1244 3659 into

229 3697 298 3759 nuit
308 3715 407 3771 mare,
422 3704 469 3758 set
479 3704 577 3759 uento
590 3695 778 3778 interposito
790 3713 854 3757 non
866 3694 971 3777 potuit
981 3712 1046 3756 uox
1056 3693 1114 3756 illa
1122 3693 1241 3777 audirj.

256 3869 295 3933 (o)
311 3866 479 3918 Incumbere
494 3867 539 3928 (D.
563 3867 617 3927 D.).
636 3890 664 3904 ια
680 3865 715 3927 (b)
735 3863 875 3915 Draconis
892 3865 991 3925 (ult).
