2678 4718
679 340 814 389 ..38-

282 523 286 530 -
318 479 525 554 Pudorem
545 470 711 576 quoque
738 478 861 575 plane
889 475 1112 550 mirificum
1141 479 1274 546 osten·

270 616 333 689 dit
350 638 359 686 :
379 639 398 683 u
419 613 540 705 Quod
553 613 893 686 molestissimum
912 608 1013 696 fero,
1033 633 1107 682 vos
1121 606 1276 682 vocatis

270 772 348 834 me,
367 749 561 846 magister
580 755 620 821 et
638 747 819 831 domine,
841 750 883 819 et
897 745 1004 819 male
1028 744 1179 830 dicitis,
1208 743 1277 840 qui

269 907 343 956 nec
357 888 504 956 vestrae
519 882 752 956 sanctitatis
767 902 923 965 servus,
942 903 993 953 ne
1008 880 1144 953 dicam
1161 878 1280 952 disci·

268 1019 393 1114 pulus
410 1039 568 1091 merear
581 1016 778 1114 appellari
792 1017 817 1089 ¹.
839 1042 858 1086 u

316 1152 395 1226 His
406 1157 548 1224 tamen
563 1148 781 1224 submissis
791 1158 830 1225 et
846 1151 1033 1226 infractis
1045 1151 1195 1235 verbis,
1220 1150 1282 1222 in·

268 1286 506 1361 flammatos
540 1285 702 1359 animos
740 1284 1052 1384 juvenilemque
1092 1285 1280 1359 ardorem

269 1422 376 1494 male
391 1419 565 1493 celabat.
580 1421 675 1493 Non
703 1443 864 1517 semper
890 1421 999 1517 pius,
1019 1441 1104 1492 non
1121 1440 1284 1519 semper

268 1552 472 1652 placidam
484 1552 711 1650 tranquillo
726 1554 771 1626 in
785 1552 1036 1627 monasterio
1048 1557 1179 1628 vitam
1193 1578 1283 1652 ege·

269 1695 373 1773 rat²;
387 1693 536 1762 nature
552 1689 743 1785 proclivis
754 1687 806 1762 ad
824 1691 927 1761 vitia
946 1690 1046 1762 olim
1061 1687 1190 1763 fuisse
1206 1690 1286 1762 im·

269 1830 471 1920 petusque
490 1822 543 1895 ad
565 1848 583 1893 α
613 1821 727 1894 mala
743 1820 896 1921 pecudia
915 1823 1064 1895 mentis
1085 1850 1104 1893 >r
1132 1819 1285 1895 fatetur

269 1956 484 2044 habuisse;
500 1957 766 2030 hortantibus
779 1963 933 2040 autem,
944 1938 1115 2055 utputo,
1133 1962 1174 2030 et
1187 1957 1286 2030 Bal·

268 2091 398 2165 duino
434 2098 475 2165 et
511 2089 722 2172 Guiberto‚
758 2090 1033 2175 amicissimis
1069 2090 1284 2165 Christum

269 2225 488 2300 colendum
503 2224 580 2299 sibi
605 2230 889 2320 proposuerat.
918 2225 1021 2315 Quae
1050 2225 1191 2297 omnia
1225 2224 1285 2298 la·

269 2360 344 2432 cile
373 2359 526 2457 percipi
544 2366 734 2456 possunt,
766 2380 898 2454 quum
935 2357 1058 2430 verba
1094 2358 1178 2444 illa,
1202 2359 1287 2432 elo·

271 2493 423 2593 quendi
452 2494 494 2566 vi
527 2494 761 2589 conspicua,
782 2491 1025 2577 audiuntur,
1058 2493 1212 2590 quibus
1244 2501 1286 2566 et

271 2618 471 2700 desideria
500 2633 542 2700 et
571 2626 697 2700 taedia
723 2651 797 2701 sua
818 2627 1016 2720 Guiberto
1036 2633 1135 2701 nota
1154 2616 1252 2701 facit
1276 2652 1285 2699 ε

323 2760 485 2834 uSune³
505 2784 601 2834 cum
615 2766 839 2835 exsummei
859 2762 1091 2834 dilectionis
1115 2764 1286 2836 sincerae

271 2894 421 2968 fiducie
435 2895 650 2969 vobiscum
671 2895 814 2994 loquar
828 2902 874 2968 ut
892 2918 1068 2979 mecum,
1093 2920 1177 2970 non
1198 2921 1291 2971 eru·

190 3129 192 3134 1
268 3028 389 3135 besco
406 3028 538 3104 ulcera
559 3053 649 3103 mea
672 3030 870 3127 detegere,
898 3031 1032 3103 amico
1051 3032 1283 3127 praesertim

271 3167 314 3236 et
333 3163 503 3237 medico.
520 3165 661 3262 Vagus
688 3172 727 3237 et
748 3164 932 3260 pollutus
964 3162 1291 3262 cogitationibus

309 3322 317 3358 ¹
332 3321 460 3383 Marten,
475 3327 617 3390 utsupra,
630 3321 684 3373 col.
702 3320 756 3372 936.

304 3414 490 3464 ¹«Ceterum
506 3426 598 3479 quum
612 3426 691 3463 unus
716 3410 756 3461 sit
777 3409 916 3474 magister
943 3415 972 3462 et
997 3412 1139 3465 Dominus
1159 3417 1293 3469 omnium

271 3491 358 3543 desua
374 3490 517 3554 Christus,
534 3508 583 3543 uos
598 3493 649 3558 qui
676 3493 801 3556 portatis
817 3489 923 3554 juqum
947 3491 1009 3555 ejus
1032 3494 1070 3544 ab
1091 3495 1294 3558 adolescentid,

271 3586 318 3622 me
336 3572 436 3623 sancti
450 3577 479 3624 et
500 3572 610 3624 efficaci
631 3571 797 3622 orationum
819 3576 981 3621 vestrarum
1003 3572 1145 3626 instantii
1165 3576 1293 3629 Domino

271 3652 378 3704 lucrari
396 3653 542 3705 studeatis
563 3655 597 3703 ut
618 3650 751 3703 conservi
775 3650 868 3700 aimus
887 3652 913 3701 ei
938 3655 1099 3705 servientes
1120 3655 1167 3708 cui
1182 3659 1293 3710 servire

271 3747 391 3798 regnare
406 3736 458 3784 est.
475 3752 488 3778 a
505 3732 594 3800 Apud
609 3734 734 3794 Marten,
751 3737 820 3782 tom.
839 3731 859 3791 l,
875 3733 929 3784 col.
944 3735 998 3784 937.

303 3832 453 3887 ³Marten,
472 3835 610 3895 utsupra,
625 3830 676 3880 col.
693 3829 747 3881 937.
