2678 4718
584 394 746 449 429.-

158 542 393 624 Thoracisque
424 557 553 614 moras,
578 534 746 620 clipejque
761 531 1022 616 umbraculam)
1045 532 1174 616 raptim

158 657 327 740 Dissipat,
348 660 453 738 atque
468 653 621 716 animam
640 657 695 715 tot
714 649 952 715 defensoribus
970 670 1072 745 usam

161 772 273 851 Elicit,
290 777 325 837 et
342 770 466 856 stigios
481 770 575 834 iubet
593 767 759 852 irrupisse
774 772 921 851 penates
1027 816 1030 823 ,

159 891 218 955 Fit
230 889 312 974 fuga
327 885 559 953 dardanidum
572 890 726 949 mactato
742 883 894 968 principe
909 887 947 947 at
961 884 1076 949 hostis

161 1004 289 1067 Ciuiles
309 1004 476 1088 predatur
488 1021 584 1087 opes,
602 1021 685 1084 pars
699 1001 840 1065 cedibus
857 1001 929 1066 iras

161 1120 364 1184 Jnnumeris
382 1119 519 1204 explere
538 1118 625 1197 sitit,
639 1137 711 1182 uox
726 1117 821 1202 regia
832 1116 975 1181 tandem

162 1238 321 1321 Castigat
334 1236 476 1321 rapidos
489 1235 602 1299 danao
617 1239 794 1319 grasante¹
812 1234 988 1301 tumultus

201 1355 339 1419 Parcite
356 1355 507 1418 uictores
524 1353 639 1436 danai,
657 1352 865 1436 compescite
883 1352 1026 1416 dextras

160 1472 256 1556 Lape
273 1472 319 1555 (b)
336 1474 412 1555 pari
433 1455 578 1555 peccav,
595 1472 725 1554 pariter
742 1469 894 1533 crudelis
910 1475 1056 1553 uterque

161 1587 230 1666 Qui
244 1590 391 1653 cunctis³
409 1589 520 1671 parcit
533 1592 568 1651 et
583 1585 669 1649 nulli
685 1585 742 1669 (c),
758 1584 885 1649 nobilis
899 1588 947 1648 ire
963 1585 1012 1668 (d)
1029 1590 1084 1649 est

163 1704 258 1768 Citra
276 1704 369 1788 jram
383 1707 503 1788 punire
520 1723 610 1781 reos,
626 1702 694 1765 iam
710 1705 809 1786 copia
824 1702 918 1786 regnj

161 1820 258 1884 Vrbs
273 1821 406 1899 cecidit,
425 1821 531 1886 cessit
545 1819 670 1894 hostis
690 1839 838 1902 cesoque
852 1821 1006 1884 firannol

162 1938 214 2002 Vt
228 1938 365 2001 miseris
378 1935 519 2012 faciles⁵‚
537 1939 714 2020 graiorum
736 1936 893 2020 exempla
910 1940 1019 2000 secuti

164 2055 252 2118 Esse
265 2054 371 2138 friges
383 2053 530 2130 discant,
550 2045 674 2117 damus
690 2052 782 2116 ultro
796 2071 878 2117 rura
894 2053 1027 2116 colonis
1043 2055 1085 2136 (e)

165 2174 287 2236 Castra
301 2175 397 2248 uiris,
414 2175 556 2255 portum
571 2169 617 2254 (f)
630 2169 759 2254 nautis
780 2175 815 2233 et
836 2170 969 2234 ciuibus
982 2172 1102 2234 urbem

165 2293 216 2353 At
229 2293 348 2373 pereat
363 2290 392 2350 si
404 2287 484 2371 quis
499 2286 573 2350 dira
588 2285 629 2349 de
644 2290 746 2371 gente
764 2291 942 2371 superstes
977 2344 980 2350 .

165 2405 265 2467 Hanc
278 2400 445 2488 quoniam
464 2400 577 2465 delere
591 2403 701 2470 iuuat.
720 2405 768 2467 sic
784 2402 890 2476 latur,
906 2408 941 2467 et
955 2422 1031 2468 ecce

167 2519 371 2603 Anphitus⁰,
388 2522 423 2582 et
438 2516 603 2600 sisiphus,
620 2516 783 2582 uolentus
799 2519 859 2603 (p),
879 2524 915 2583 ct
937 2519 1055 2583 inclita
1078 2520 1180 2584 uultu

167 2637 329 2711 Hesione,
347 2637 440 2698 senis
454 2633 561 2697 uincti
580 2638 663 2717 post
675 2639 773 2719 terga
788 2634 921 2720 catenjs

168 2752 371 2817 Traduntur
382 2751 539 2825 ducibus,
555 2749 601 2835 hij
617 2749 691 2813 dira
705 2753 741 2814 in
752 2752 875 2817 funera
888 2753 979 2836 rapti

170 2871 241 2934 Hec
255 2870 434 2933 thelamon
446 2867 510 2932 tibi
524 2866 631 2951 preda
643 2866 759 2947 datur,
774 2870 869 2951 quod
881 2889 1045 2954 pergama
1056 2874 1178 2935 uictor⁷

170 2986 273 3065 Quod
287 2989 384 3070 prius
395 2984 571 3048 effractam
585 2983 632 3066 (b)
644 2983 777 3046 facilem
793 2984 856 3048 das
871 2985 1047 3051 hostibus⁸
1061 2991 1181 3052 urbem

206 3140 377 3203 ¹Furente.
407 3175 447 3184 -
467 3142 479 3174 ¹
508 3136 589 3212 Quia
618 3137 645 3199 si
673 3136 754 3200 nulli
776 3139 977 3222 tyrannidem
1000 3142 1121 3206 incidit.
1144 3180 1184 3190 -

172 3245 184 3278 ³
198 3238 396 3322 Sinplieitate
411 3255 475 3299 non
491 3236 606 3298 utiturs
614 3243 644 3298 et
659 3235 825 3300 abutitur.
840 3274 880 3285 -
890 3239 1185 3306 ⁴Laomed0nte.—

173 3343 184 3374 ⁵
200 3339 224 3399 l.
242 3357 270 3399 e.
291 3337 522 3399 misericordes.
532 3371 572 3380 —
586 3338 598 3372 ⁶
613 3333 684 3395 Filii
699 3344 790 3397 erant
804 3336 1026 3402 laomedontis.
1043 3377 1084 3386 -
1097 3348 1108 3379 ⁷
1128 3343 1185 3407 Fa-

173 3434 248 3499 eilia
264 3434 305 3497 ad
325 3434 519 3497 uincendum
535 3435 610 3516 quia
625 3433 689 3494 iarn
711 3434 851 3497 effracta.
878 3471 918 3482 -
938 3437 1183 3503 ‘Troianorum

150 3584 175 3626 ·’
204 3610 241 3666 (a)
256 3603 446 3655 Umbramins
462 3605 505 3665 (l).
525 3606 578 3665 D).
594 3629 624 3642 -
640 3603 678 3668 (b)
692 3604 760 3668 Leg.
780 3603 851 3656 labe.
867 3629 900 3647 ·-
912 3612 947 3667 ic)
970 3608 1037 3673 Leg.
1053 3610 1104 3673 qui
1116 3625 1186 3676 par·

172 3687 212 3736 cit
235 3686 341 3737 cunctis
359 3690 386 3735 et
408 3684 490 3734 nulli.
508 3684 616 3736 Scribit
629 3699 706 3736 vero.
722 3686 753 3735 D.
768 3700 773 3734 :
790 3705 804 3730 α
820 3686 870 3751 qui
883 3687 1005 3747 cunctis,
1029 3693 1058 3752 et
1077 3691 1158 3751 nulli,
1174 3712 1187 3738 ι

172 3765 355 3828 etclaudieat
382 3779 493 3817 versus.
511 3793 541 3804 -
567 3765 606 3829 (d)
620 3767 722 3832 Ira(D.
740 3766 786 3830 D.)
808 3769 886 3829 -.(e)
901 3768 1013 3819 Colono
1028 3770 1071 3831 (D.
1089 3771 1144 3834 la).
1162 3801 1190 3813 -

173 3848 204 3911 (l)
220 3848 348 3912 Pontum
374 3847 419 3908 (D.
432 3846 485 3908 D.).
504 3847 584 3912 -(9)
613 3846 794 3912 Hysiphilus‚
827 3848 991 3900 Volcentus
1011 3851 1055 3910 (D.
1079 3853 1134 3919 D.).
1160 3881 1191 3897 .-

175 3928 205 3977 lb
227 3927 309 3977 Prior
320 3927 443 3978 effractis
458 3926 501 3994 (D.
512 3928 565 3990 D).
