2678 4718
594 398 728 453 -97..

157 541 216 621 qui
231 548 313 621 post
326 538 346 600 J
351 556 499 602 oannem
513 540 686 621 regnavit.
701 537 766 601 Hic
778 540 868 602 enim
890 560 897 600 :
920 560 935 599 3
951 537 1040 601 illud
1054 542 1173 601 tamen

159 656 322 719 lectorem
347 654 564 718 admonitum
590 654 683 727 volo,
710 662 836 736 nempe
862 653 970 716 libros
999 652 1040 717 de
1072 652 1172 717 Bello

163 770 314 854 Trojano
335 774 417 854 post
438 774 588 834 mortem
603 769 767 835 Balduini
787 769 832 833 sd
853 768 1013 833 incudem
1030 789 1171 833 revoca·

161 891 218 951 tos
235 906 243 949 :
262 886 297 949 id
309 886 402 969 quod
416 906 459 950 ex
472 886 593 949 multis
616 885 713 964 lociS,
729 891 765 950 et
782 886 856 950 hoc'
867 889 1040 970 praecipue
1065 906 1174 971 apps-

160 1009 225 1078 ret,
252 1002 358 1086 quod*
371 1002 406 1066 in
429 1001 485 1066 his
509 1002 697 1086 postremis
722 1002 839 1086 quarti
864 1002 942 1067 libri
963 1002 1176 1066 carminibus

161 1117 349 1182 Henricum
360 1117 514 1194 tertium,
529 1118 589 1201 qui
602 1118 776 1183 secundus
792 1117 986 1201 Anglorum
1001 1137 1063 1181 rex
1077 1116 1143 1181 fuit
1154 1138 1174 1179 a

95 1319 102 1327 ,
162 1233 324 1311 Ricardo,
338 1235 403 1297 sub
415 1253 485 1316 quo
498 1237 659 1298 mortuus
671 1239 766 1298 esset
777 1233 982 1312 BalduinuS‚
993 1253 1072 1299 cum
1085 1233 1176 1300 Hec-

162 1355 237 1416 tore
251 1350 405 1417 conierat
425 1371 432 1413 :
590 1336 593 1340 ⁵

285 1538 399 1589 Tantus
414 1537 445 1587 in
457 1539 625 1600 Hectoreas,
639 1542 692 1590 etc.
709 1559 724 1584 2>

205 1731 334 1794 Contra
353 1747 437 1792 vero
452 1727 625 1791 crederem
643 1729 831 1792 Henricum
852 1729 961 1793 istum
981 1751 1059 1794 esse
1080 1730 1177 1795 Hen-

162 1847 224 1911 rici
245 1845 385 1909 secundi
405 1844 526 1918 filium,
540 1845 600 1927 qui
614 1846 658 1907 ab
677 1846 934 1930 archiepiscopo
952 1847 1176 1928 Eboracensi,
1225 1913 1230 1924 ,

165 1984 256 2027 anno
269 1963 360 2037 1173,
380 1983 441 2025 rex
462 1967 686 2026 consecratus
705 1968 770 2038 est,
787 1963 1028 2048 Henricu'sque
1051 1968 1178 2029 tertius

164 2082 208 2144 ab
222 2081 368 2144 inimicis
381 2083 492 2163 patris
507 2079 583 2163 ejus
600 2088 748 2143 vocatus
762 2080 838 2144 fuiti
854 2080 907 2144 Ne
924 2080 1083 2144 dubitare
1104 2082 1179 2165 qui-

166 2197 243 2260 dem
258 2198 337 2260 licet
351 2199 380 2259 si
394 2195 537 2259 notulas
551 2195 778 2268 consulimus
790 2214 871 2258 nam
887 2197 922 2259 in
938 2196 998 2273 εἰς,
1010 2196 1052 2260 de
1061 2198 1177 2262 verbis

168 2341 182 2368 α
200 2313 370 2376 Henricus
381 2315 536 2375 tertius»
560 2311 711 2395 legitur:
735 2335 749 2370 ι
770 2310 891 2374 Erant
909 2310 1004 2375 enim
1028 2312 1089 2376 hoc
1114 2334 1178 2377 no-

165 2430 260 2492 mine
273 2429 470 2513 nuncupati
483 2447 572 2491 auus
581 2434 728 2512 pateret
741 2427 836 2510 filius
853 2455 867 2483 n
883 2446 952 2510 quo
969 2429 1180 2493 manifestis·

166 2545 252 2608 sime
273 2543 471 2607 ostenditur
494 2543 536 2606 de
568 2542 638 2605 filio
659 2546 751 2626 regis
772 2543 920 2606 Joannis
941 2542 996 2606 hic
1018 2562 1089 2606 non
1110 2548 1177 2629 agi,

164 2679 308 2725 necnon
321 2659 401 2724 hinc
412 2662 570 2743 sequitur
583 2658 776 2742 Josephum
792 2677 930 2723 carmen
946 2679 1050 2724 suum
1061 2661 1178 2724 condi-

164 2777 269 2856 disse,
288 2796 359 2839 non
373 2779 455 2861 post
466 2795 597 2839 annum
611 2775 702 2849 1216,
722 2795 792 2858 quo
806 2778 843 2838 in
859 2794 1006 2859 regnum
1019 2779 1179 2861 pervenit

165 2893 336 2958 Henricus
352 2893 419 2966 111;
435 2893 496 2956 sed
510 2897 592 2956 ante
606 2911 736 2956 annum
758 2893 846 2966 1183,
864 2912 934 2978 quo
947 2898 1110 2958 mortuus
1124 2900 1178 2960 est

165 3010 336 3076 Henricus
352 3008 487 3084 iunior,
509 3006 648 3072 Henrici
679 3008 821 3071 secundi
840 3008 942 3073 filius.
965 3009 1061 3073 Nihil
1085 3016 1178 3077 cete-

164 3148 243 3192 rum
259 3154 274 3184 «
296 3126 498 3191 hectoreum
526 3150 540 3182 ι
561 3123 684 3186 habuit
701 3122 849 3187 ioannis
862 3123 972 3199 filius;
997 3145 1178 3212 nunquam

166 3273 181 3303 3
194 3241 381 3330 praevaluit
399 3240 435 3305 in
449 3239 583 3303 militiis
596 3265 611 3294 a
632 3238 720 3318 (oide
740 3259 851 3325 supra
863 3244 938 3305 not.
961 3241 991 3322 2,
1008 3261 1087 3328 pag.
1104 3245 1178 3327 96);

164 3382 235 3426 non
250 3386 266 3420 «
293 3361 329 3423 in
355 3358 469 3421 Gallia
492 3359 647 3421 nutritus
673 3360 758 3431 erat,
785 3357 959 3421 continuis
985 3362 1179 3427 insistendo

165 3476 358 3564 tyrociniis‚
373 3503 387 3532 ι
401 3475 473 3558 qui,
484 3493 596 3537 annos
611 3474 728 3537 decem
743 3478 862 3549 natuS,
874 3492 1021 3557 regnum
1031 3477 1179 3563 adeptus

165 3601 240 3660 erat
257 3615 264 3656 :
280 3570 355 3656 haec
370 3595 488 3655 autem
503 3589 619 3654 omnia
626 3564 750 3652 melios
764 3588 904 3652 Henrici
920 3586 953 3652 ΙΙ
966 3589 1036 3654 filio
1054 3611 1178 3659 conve·

165 3710 335 3778 montilli
350 3711 467 3784 etiem,
481 3710 571 3771 sicut
583 3711 618 3770 et
631 3705 799 3789 iosepho,
816 3725 954 3771 summo
975 3705 1011 3772 in
1022 3708 1102 3773 odio
1114 3710 1181 3775 fuit

138 3901 142 3907 ⁴
168 3821 1179 3905 Ricarduserchiepiscopus3quumenim‚utGervasiiver·
