2678 4718
676 339 835 392 *134-

241 478 330 556 Quis
343 479 494 561 propior,
512 477 560 542 sic
579 477 723 543 alterius
738 481 955 544 concurritur
969 482 1072 545 undis

242 593 298 658 Sic
312 595 433 659 crebas
443 593 553 678 jterat
567 596 612 677 (a)
629 614 743 672 voces,
761 596 810 660 sic
823 597 934 681 iurgia
949 601 1095 662 miscent

240 712 403 798 Vndique
421 710 544 795 siderej
561 710 729 779 maiestas
743 714 879 778 conflua
895 715 1015 778 mundi

239 827 387 892 lliacum
402 826 545 911 dignata
563 827 679 893 solum
697 829 778 913 iuga
792 833 919 909 menia,
935 836 1083 914 pontum

240 948 369 1022 vestit,
386 956 421 1014 et
436 949 596 1014 astrifero
612 949 673 1012 dat
687 948 914 1032 respiramina
934 949 1033 1015 collo¹

240 1066 358 1131 Ydeos
373 1067 469 1133 cibile
486 1067 532 1151 (b)
549 1067 653 1131 colles
668 1066 759 1144 colit,
777 1067 852 1149 ipsa
869 1067 1027 1150 superbis

241 1182 442 1265 Regnatnra
456 1181 547 1267 iugis
563 1181 714 1264 reliquos
728 1181 790 1245 tibi
806 1182 895 1246 delia
911 1183 1024 1247 saltus

240 1298 368 1378 Donat,
386 1303 421 1364 et
437 1298 538 1384 ydeis
552 1304 678 1382 pensat
692 1298 877 1362 uenatibus
892 1296 1011 1367 orbern

240 1417 470 1502 Pampineum
485 1422 521 1482 te
537 1417 643 1480 bache
659 1397 782 1480 nemus
798 1423 833 1481 te
848 1421 962 1502 spicea
977 1421 1084 1506 cingit
1115 1507 1119 1514 ι

239 1533 336 1598 Silua
350 1553 456 1611 ceres,
470 1536 647 1618 neptunus
666 1555 761 1619 agas
778 1535 918 1601 naualia
932 1538 1065 1621 phebus

237 1653 347 1718 Arces
362 1650 474 1736 pallas
489 1652 595 1717 habet
609 1657 644 1717 et
658 1652 808 1716 habetur
827 1652 965 1736 pallade
978 1654 1103 1720 fatum¹

237 1769 302 1833 Est
318 1788 414 1833 sacer
424 1771 513 1841 ‚urbe
528 1769 624 1833 locus
637 1768 762 1846 media,
779 1769 1022 1855 modicumque
1036 1771 1173 1837 laborat

236 1886 282 1949 ln
299 1886 492 1950 tumultum
502 1886 545 1968 lc)
558 1889 717 1970 pigmeus
730 1906 830 1970 apex,
842 1906 923 1970 qam
938 1888 984 1970 (d)
998 1908 1139 1973 surgere
1154 1890 1258 1973 plene

237 2003 351 2081 Quam
368 2004 411 2085 te)
426 2002 529 2087 plane
542 2004 692 2067 residere
706 2023 823 2086 neges
840 2005 903 2068 hec
924 2006 1017 2069 celsa
1034 2009 1174 2089 superbi

236 2118 405 2203 Fulgurat
420 2139 481 2184 ara
498 2120 600 2198 iouis,
612 2139 679 2183 uon
696 2126 814 2203 ceptro
829 2126 865 2185 et
875 2121 1019 2186 fulmine
1033 2123 1133 2206 nudj³

235 2236 316 2302 Non
331 2237 470 2324 qualern
488 2237 615 2313 tirius⁴‚
632 2256 703 2299 non
722 2236 859 2319 qualern
875 2237 1030 2319 predicat
1044 2238 1160 2303 indus,

540 2387 699 2472 Explicit
712 2388 850 2472 primus
868 2388 966 2453 liber.

283 2596 291 2629 ¹
312 2587 487 2654 Athlantis.
504 2624 543 2634 -
557 2594 569 2626 ²
584 2589 718 2672 Propter
738 2587 916 2670 palladium
932 2588 1049 2651 dicitur
1063 2590 1103 2652 de
1119 2610 1184 2674 quo
1204 2613 1256 2656 so-

235 2689 376 2753 cundum
391 2687 517 2751 fabulas
532 2686 668 2750 fabatum
683 2697 750 2749 erat
766 2687 852 2768 quod
872 2688 1027 2768 quamdiu
1041 2688 1218 2754 haberetur
1233 2713 1252 2756 a

234 2789 379 2862 troianis,
396 2785 472 2849 urbs
487 2787 588 2850 euecti
617 2805 680 2851 non
710 2793 827 2867 posset.
859 2817 895 2832 -
912 2788 923 2820 ³
938 2785 1035 2859 Quasi
1050 2786 1170 2851 diceret
1183 2802 1256 2854 erat

235 2905 351 2970 ymago
370 2885 453 2949 iouis
469 2885 501 2948 in
517 2886 684 2948 maiestate
712 2884 811 2964 rogia,
828 2882 969 2946 habebat
997 2885 1083 2947 enim
1112 2896 1143 2949 et
1165 2906 1256 2971 soep-

197 2998 200 3003 '
235 2997 320 3048 trum
335 2993 366 3046 et
381 2983 514 3047 fulmen.
533 2987 598 3032 -⁴
619 2983 706 3066 Aput
731 2981 822 3044 tirios
851 2981 967 3045 colitur
991 2983 1025 3044 in
1040 2984 1145 3066 specie
1166 2987 1253 3067 taurj

235 3091 366 3167 propter
389 3099 554 3166 europam,
582 3090 659 3164 aput
686 3081 779 3143 indos
794 3080 826 3140 in
856 3081 960 3163 specie
984 3081 1104 3158 arietis,
1122 3092 1257 3166 proptor

235 3182 409 3260 dionisium
424 3180 577 3254 bachum,
587 3181 637 3242 oui
653 3179 694 3242 ab
710 3179 797 3241 india
812 3178 958 3242 redeunti
967 3181 1149 3244 oumsltiret
1164 3200 1255 3244 exer-

235 3281 317 3360 citus
332 3280 482 3364 apparuit
499 3278 616 3361 iupiter
630 3278 662 3339 in
678 3277 786 3361 specie
797 3277 917 3351 arietis
934 3287 965 3340 et
980 3287 1064 3340 terra
1080 3279 1161 3361 peda
1183 3299 1257 3362 per-

235 3398 327 3445 cussa
352 3378 477 3445 fontem
493 3377 644 3460 produxit
659 3375 845 3459 potabilem.

265 3532 380 3602 (a)Leg.
398 3529 516 3582 crebras
531 3529 646 3581 iterant.
664 3555 693 3566 -
708 3529 746 3591 (b)
758 3526 865 3596 Cybele
879 3527 923 3590 (D.
938 3527 992 3590 D.).
1007 3527 1081 3592 -(c)
1094 3527 1254 3581 cumulum

235 3613 279 3673 (D.
294 3613 336 3674 D).
352 3639 381 3655 -·
397 3611 434 3674 (d)
451 3610 544 3675 Quem
554 3610 598 3675 (D.
615 3609 669 3665 Dl.
681 3635 710 3647 -
726 3612 758 3670 (e)
776 3609 868 3672 Quem
890 3607 932 3670 (D.
949 3607 1005 3668 D.).
