2678 4718
165 531 219 594 bis
243 536 335 610 utar,
352 560 367 588 ι
383 533 429 596 ad
446 535 741 598 consecrationem
753 534 919 618 {Ricardil
927 537 1043 598 omnia
1058 538 1185 617 parata

164 648 326 726 tuissent,
339 648 458 714 allatae
473 651 604 715 suntin
614 651 767 714 medium
779 650 891 716 literae
902 651 1010 736 Regis
1016 650 1183 735 junioris,

163 763 361 829 inhibentes
386 768 453 830 sub
475 767 707 850 appellatione
725 767 820 831 sedis
831 769 1033 852 apostoticae
1044 787 1089 831 ne
1102 769 1184 850 quis

164 900 244 945 eum
266 881 323 945 vel
342 881 450 947 alium
476 883 512 947 in
535 884 833 968 archiepiscopum
857 883 1083 968 promoverit,
1106 885 1184 947 sinc

165 1015 230 1061 suo
239 1017 390 1062 assensu
399 999 459 1083 qui
469 1001 566 1084 regni
578 1003 740 1084 gestabat
752 1007 945 1066 coronam¹.
960 1029 976 1057 ι
988 999 1181 1064 Ricardum

166 1139 182 1170 ι
206 1133 393 1197 personam
408 1121 526 1180 minus
539 1136 739 1201 congruam,
757 1142 773 1176 »
790 1121 825 1180 in
840 1117 987 1201 epistola
1000 1119 1081 1192 ista,
1098 1115 1183 1179 dicit

164 1229 336 1296 Henricus
358 1233 431 1316 qui,
457 1233 500 1298 de
510 1234 717 1318 semetipso:
732 1263 747 1290 ι
766 1234 949 1307 Henricus,
968 1233 1035 1297 Dei
1053 1235 1182 1317 gratia,

161 1366 224 1410 rex
243 1347 392 1432 Angiiae,
408 1356 487 1427 etc„
513 1350 648 1415 ratione
667 1351 770 1434 regiae
790 1350 967 1414 unctionis
977 1369 1124 1433 regnum
1141 1354 1181 1412 et

162 1466 275 1528 totius
287 1465 386 1549 regni
401 1486 521 1530 curam
536 1470 751 1551 suscepimus
755 1473 840 1530 .....
844 1517 852 1531 .

202 1581 303 1647 Dicet
317 1603 440 1674 verum
451 1584 578 1668 aliquis
591 1603 632 1647 ea
642 1603 713 1647 non
727 1587 818 1647 inter
831 1603 881 1661 se,
896 1583 940 1647 ab
954 1585 1049 1646 omni
1065 1587 1178 1666 parte,

163 1703 388 1783 congruentia
418 1699 539 1777 videri,
569 1720 679 1784 quum
704 1698 888 1764 defuturo
922 1702 960 1761 in
983 1699 1180 1762 Saracenos

161 1813 251 1878 bello
260 1815 399 1880 locutus
410 1819 456 1880 sit
471 1816 615 1880 lscanus
625 1819 661 1879 in
673 1815 888 1879 dedicatione
901 1817 966 1878 sud
977 1813 1152 1878 Balduino
1168 1836 1176 1876 :

164 1958 179 1988 ι
194 1931 244 1994 Te
256 1951 365 1997 sacrae
384 1938 565 1996 assument
581 1931 684 2004 acies,
701 1938 765 1995 etc.
781 1957 814 2006 ι,
835 1936 871 1994 et
890 1958 905 1985 ι
921 1949 1021 1994 cruce
1043 1931 1176 2013 signati

160 2047 288 2112 fuerint
304 2076 318 2105 ι
334 2068 435 2134 reges
448 2048 587 2132 Angliae
599 2054 635 2112 et
647 2047 676 2110 F
677 2047 804 2112 ranciae
815 2066 909 2111 anno
920 2052 1061 2111 tantum
1073 2045 1167 2126 1181,

161 2165 246 2228 dum
275 2165 350 2250 ipse
384 2165 578 2229 Balduinus
607 2165 889 2248 archiepiscopus
919 2162 1178 2228 cantuariensis

158 2277 273 2344 factus
286 2280 390 2344 fuerit
401 2299 494 2344 anno
506 2281 586 2346 1185
601 2302 609 2343 :
626 2281 747 2345 scribit
759 2286 878 2345 tamen
888 2280 1067 2364 Josephus
1083 2302 1092 2343 ε

798 2443 842 2495 Tc
854 2443 943 2495 tertia
952 2445 1047 2511 poscit

283 2520 470 2591 lntuuqam
484 2523 616 2576 meminit
629 2522 778 2589 Vigomia,
788 2524 890 2575 Cautia
904 2524 1000 2586 discit,
1015 2530 1068 2576 etc.
1168 2532 1170 2536 “

157 2682 194 2741 in
205 2681 364 2761 poemate
374 2675 470 2760 quod
482 2680 564 2739 ante
578 2695 708 2740 annum
725 2676 806 2739 1183
817 2676 1051 2760 compositum
1066 2676 1177 2742 fuisse

158 2793 294 2858 dicitur.
310 2797 362 2858 At
387 2793 508 2857 eodem
527 2793 630 2858 modo
652 2792 947 2876 quemadmodum
960 2792 1009 2856 illi
1030 2793 1090 2877 qui
1108 2813 1176 2876 pu-

160 2913 239 2973 tant
253 2929 394 2974 carmen
409 2912 592 2994 scripsisse
613 2909 808 2994 Josephum
833 2915 916 2993 post
928 2929 1059 2974 annum
1071 2909 1176 2973 1216³

157 3026 385 3110 respondebo,
406 3026 536 3090 scilicet
557 3046 682 3111 poema
704 3045 776 3090 non
794 3025 964 3108 scriptum
979 3025 1088 3089 tuisse
1112 3031 1172 3090 to·
1225 3081 1230 3086 .

156 3150 234 3209 tum
247 3151 329 3209 ante
341 3164 474 3209 annum
488 3144 580 3221 1183,
596 3145 827 3228 Iscanumque
842 3142 937 3206 solos
947 3142 1175 3207 dedicationis

157 3281 284 3327 versus
297 3265 387 3326 istos
398 3260 540 3327 carmini
551 3264 628 3346 jam
638 3261 750 3336 finito,
762 3266 846 3345 post
857 3281 987 3326 annum
1001 3263 1094 3335 1187,
1110 3261 1175 3326 ad-

160 3399 334 3464 junxisse.

189 3554 358 3607 *Historia
377 3554 547 3622 Anguem
569 3552 728 3620 Scriptores
747 3550 787 3613 X,
809 3549 914 3613 Lonu,
941 3551 1013 3615 1652,
1042 3555 1112 3604 tom.
1138 3551 1173 3612 11,

159 3636 206 3760 ⁶0³1
208 3637 242 3767 11
236 3637 303 3777 ἵζ’,
321 3717 375 3770 col.
391 3718 462 3769 1425.
478 3743 509 3756 -
520 3714 692 3777 Holinshed,
707 3714 792 3766 Tom.
809 3715 843 3775 11,
858 3713 914 3766 sub
928 3728 1006 3766 auno
1020 3715 1091 3764 1173.

189 3803 201 3836 ⁸
215 3797 291 3850 Vide
303 3813 392 3866 supra
407 3796 497 3850 verba
513 3797 643 3857 Lelandi,
656 3811 720 3862 pag.
739 3797 779 3847 97.
