2678 4718
638 393 773 451 ..25-

195 530 374 610 latinurn
386 533 438 608 ab
449 558 495 607 eo
508 558 530 610 e
541 557 671 633 graeco
687 558 926 613 conversam
939 536 963 621 ¹,
980 530 1210 627 amnem

194 665 239 741 in
267 667 357 765 ipso
389 669 533 767 Dictys
559 670 759 771 sepulcro,
781 694 892 755 casu,
919 695 942 744 a
968 671 1208 768 pastoribus

192 807 398 900 repertam
430 802 640 879 finxerunt
660 807 685 878 ².
715 805 839 880 Haud
869 829 1014 880 verum
1046 830 1088 881 se
1123 829 1207 879 non

192 936 284 1013 illas
300 962 405 1037 quae,
423 941 484 1014 vel
505 940 696 1039 Augusto
723 941 787 1016 vel
811 940 987 1028 Tiberio,
1019 941 1090 1016 sed
1109 943 1209 1016 istas

192 1079 335 1148 contra
357 1046 463 1174 'quae
501 1076 685 1151 Honorio
714 1082 786 1150 aut
821 1077 1112 1152 Valentiniano
1148 1100 1209 1151 re·

191 1207 433 1306 guantibus,
464 1234 540 1285 usu
567 1216 739 1310 receptae
768 1217 885 1286 erant
913 1234 1031 1286 voces
1064 1212 1207 1310 legisse

191 1343 590 1421 animadverterunt.
607 1345 710 1441 Quae
726 1368 861 1445 quum,
871 1346 929 1420 ita
944 1347 1044 1434 sint,
1061 1347 1106 1420 in
1123 1348 1203 1430 his,

191 1480 334 1577 proavi
368 1482 499 1555 nostri
527 1479 743 1574 libidinem
776 1479 1013 1556 habuerunt
1033 1481 1206 1580 istisque

193 1619 412 1712 poetarum
445 1638 613 1689 suorum
660 1614 913 1690 carminibus
962 1615 1035 1688 diu
1078 1615 1207 1690 laetati

191 1755 312 1834 sunt;
327 1755 514 1824 auctores
535 1749 631 1825 inde
652 1751 884 1849 gravissimi
903 1751 1030 1824 Dares
1054 1755 1095 1824 et
1114 1751 1205 1823 Dic·

188 1890 272 1982 tys,
291 1908 337 1958 eo
355 1890 552 1983 tempore,
568 1885 621 1960 ab
637 1885 831 1960 omnibus
847 1884 980 1960 habiti
995 1891 1117 1970 sunt;
1133 1909 1203 1958 ne·

189 2044 270 2118 que
290 2020 405 2107 alios,
427 2020 479 2094 ad
504 2022 671 2120 Trojam
702 2019 957 2120 capiendam,
986 2020 1108 2094 duces
1132 2025 1227 2093 vo·'

189 2155 269 2230 luit
288 2161 429 2229 noster
448 2155 514 2229 ille
533 2156 760 2254 Josephus;
781 2179 911 2253 neque
925 2155 1048 2253 pretii
1068 2155 1203 2228 mino·

187 2289 260 2376 ris,
294 2289 405 2387 apud
438 2289 740 2387 lepidissimum
777 2289 897 2403 illum
928 2290 1004 2388 qui¹
1039 2295 1203 2387 gentem

221 2524 231 2561 ¹
248 2507 367 2585 «Quum
383 2522 477 2574 multa
490 2520 617 2573 Athenis
632 2518 985 2588 studiosissime‘agerem,
1004 2521 1104 2575 inveni
1114 2520 1206 2575 histo-

189 2602 262 2654 riam
277 2601 392 2654 Daretis
407 2602 536 2670 Phrygii,
549 2601 643 2670 ipsius
659 2601 898 2669 manuscriptam,
914 2607 947 2654 ut
961 2602 1066 2655 titulus
1082 2603 1202 2666 indicat,

188 2683 239 2752 qui
254 2683 290 2735 de
305 2683 414 2735 Graecis
429 2687 458 2735 et
473 2683 609 2750 TroJ'anis
626 2681 776 2734 memoriae
791 2683 1019 2737 commendatur.
1038 2685 1134 2749 Quam
1149 2700 1202 2753 ego
1218 2746 1221 2750 ⁴

188 2778 304 2816 summo
325 2778 424 2816 amore
445 2763 622 2831 complexus,
647 2763 786 2815 continuo
802 2764 947 2818 transtuli.
967 2765 1020 2817 Cui
1039 2765 1113 2818 nihil
1129 2767 1202 2834 adji-

187 2844 322 2898 ciendum
332 2844 379 2895 vel
390 2842 611 2895 diminuendam
623 2843 664 2895 rei
671 2843 831 2896 formandae
847 2859 935 2896 causa
947 2846 1058 2913 putavi,
1073 2846 1203 2914 alioquin

187 2940 252 2977 mea
261 2938 326 2979 esse
334 2929 434 2992 posset
447 2923 549 2976 videri.
557 2944 571 2972 ιι
584 2923 709 2978 Cornelii
720 2925 843 2990 Nepotis
857 2925 997 2978 Sallustio
1008 2926 1205 2994 CrispoEpis-

186 3007 257 3069 tola,
272 3005 386 3058 Daretis
402 3005 539 3058 Historiae
553 3005 719 3075 praeposita.
736 3005 1047 3070 Amstetoedami,1702,
1063 3023 1128 3076 pag.
1144 3011 1215 3063 257,

219 3107 259 3154 ²«
273 3105 383 3158 Verum
405 3105 515 3156 secutis
538 3104 729 3172 temporibus,
750 3104 951 3158 tertiodecimo
973 3121 1050 3158 anno
1072 3109 1199 3160 Neronis

187 3185 310 3257 imperii,
331 3185 362 3238 in
381 3185 479 3239 Gnoso
499 3184 616 3239 civitate
630 3189 715 3238 terrae
727 3189 828 3239 motus
841 3186 919 3248 facti,
937 3201 1004 3238 cum
1020 3188 1123 3251 multa,
1136 3193 1200 3241 tum

186 3269 275 3322 etiam
292 3266 478 3336 sepulchrum
493 3266 594 3334 Dictys
612 3266 654 3318 ita
673 3267 879 3334 patefecerunt,
900 3270 934 3320 ut
948 3283 965 3319 a
980 3269 1201 3322 transeuntibus

187 3349 286 3401 arcula
300 3349 449 3400 viseretur.
465 3349 602 3400 Pastores
620 3347 719 3415 itaque
734 3354 941 3417 praetereuntes
962 3365 1053 3418 quum
1067 3351 1143 3403 hanc
1157 3352 1201 3403 vi-

187 3430 307 3490 dissent,
327 3429 499 3481 thesaurum
513 3429 579 3491 rati,
602 3429 756 3497 sepulchro
777 3430 983 3484 abstulerunt:
1005 3435 1034 3484 et
1048 3437 1151 3500 aperta
1168 3449 1203 3486 ea

186 3512 363 3564 invenerunt
376 3509 454 3562 tilios
473 3509 630 3577 incognitis
645 3510 701 3562 sibi
722 3512 826 3564 litteris
841 3514 1021 3582 conscriptas
1025 3553 1071 3566 .....
1088 3515 1201 3579 Quum-

185 3607 244 3661 que
256 3593 333 3661 Nero
347 3593 534 3657 cognovisset
548 3590 661 3659 antiqui
675 3592 740 3655 viri,
751 3593 801 3661 qui
816 3595 896 3662 apud
912 3594 997 3648 Ilium
1009 3595 1111 3657 fuerat,
1138 3596 1202 3648 haec

151 3678 165 3709 ⁴
186 3689 250 3726 esse
264 3678 462 3737 monumenta,
477 3675 567 3743 jussit
574 3676 605 3727 in
619 3676 753 3728 Graecum
776 3690 939 3729 sermonem
958 3677 1016 3729 ista
1030 3677 1199 3729 transferri:

185 3753 323 3822 e'quibus
336 3755 456 3823 Trojani
471 3755 538 3807 belli
548 3757 644 3809 verior
657 3760 755 3808 textus
769 3756 896 3809 innotuit
913 3777 928 3805 a
939 3759 1049 3825 (Dictys
1058 3757 1202 3809 Cretensis

186 3835 221 3887 de
246 3835 328 3911 Bello
359 3837 496 3904 Trojano.
514 3837 738 3899 Amstrelodcmi,
770 3839 840 3890 1702.
866 3838 1023 3904 Praefatio.)
1045 3840 1142 3890 Tanta
1165 3837 1200 3888 de

185 3909 263 3969 anno
278 3919 400 3987 locoque
414 3933 483 3971 cura
500 3918 586 3988 plane
600 3918 722 3972 ridenda
736 3923 788 3973 est.
