2678 4718
706 412 841 463 ..6-

255 549 329 624 bus
364 553 534 624 minime
566 554 751 635 usitatae,
789 556 1063 628 recentiorum
1094 558 1272 652 propriae
1325 619 1329 626 .

251 709 336 758 esse
352 684 470 759 nobis
481 683 689 759 videntur.
709 686 876 760 Primus
891 711 1026 784 porro,
1040 697 1161 762 aetate
1178 697 1269 773 sua,

254 820 359 893 inter
378 821 572 916 optimos,
589 842 857 895 romanarum
870 845 1180 921 graecarumque
1199 825 1270 897 lit-

251 961 448 1038 terarum,
471 979 563 1050 quae
584 959 747 1026 summa
776 955 820 1027 in
840 954 1045 1029 oblivione
1057 956 1268 1053 jacebant,
1310 970 1313 975 ’

251 1090 507 1174 memoriam,
524 1113 597 1185 pro
622 1090 730 1161 virili
746 1097 876 1185 parte,
895 1097 935 1163 et
961 1093 1135 1164 retinere
1151 1099 1191 1164 et
1206 1117 1271 1165 re·

252 1246 400 1297 novare
416 1224 606 1296 tentavit.
620 1223 678 1295 At
692 1246 960 1298 romanorum
968 1228 1138 1322 vestigia
1156 1249 1272 1323 pres·

251 1362 336 1433 sius
351 1361 437 1457 ipse
458 1360 572 1456 sequi
594 1359 749 1442 noluit;
781 1360 850 1432 sed
870 1361 1029 1456 anglus,
1049 1358 1100 1432 ad
1127 1362 1269 1458 anglo-

251 1519 345 1568 rum
384 1494 668 1567 irancorumve
702 1493 951 1592 quibuscum
996 1496 1127 1567 vitam
1169 1497 1265 1592 egit,

251 1628 563 1701 delectationem
577 1652 586 1711 ;
603 1627 865 1712 christianus,
880 1627 931 1700 ad
945 1630 1267 1703 christianorum

249 1762 596 1837 oblectamentum
615 1762 791 1857 scripsit.
816 1762 908 1832 Non
944 1761 1084 1835 latinis
1105 1765 1263 1860 itaque,

249 1897 319 1970 sed
346 1895 479 1993 anglis
505 1894 736 1993 francisque
758 1879 888 1992 poetis
917 1895 1090 1968 conferri
1114 1895 1234 1970 debet
1254 1924 1262 1984 ;

170 2032 174 2040 “
246 2031 556 2130 Josephumque
576 2053 814 2127 cognoscere
830 2037 870 2102 et
898 2033 941 2102 in
962 2030 1153 2126 operibus
1175 2033 1265 2128 ejus

248 2167 400 2240 versari
416 2167 487 2263 qui
507 2165 634 2262 cupit,
652 2165 732 2237 alia
747 2165 930 2262 ejusdem
951 2167 1149 2261 temporis
1174 2191 1263 2238 car-

248 2300 361 2373 mina
376 2299 677 2395 hominumque
703 2298 917 2394 ingenium
939 2298 1050 2371 haud
1071 2323 1186 2372 secus
1203 2307 1268 2372 at·
1321 2383 1324 2389 ,

249 2458 328 2532 que
343 2434 431 2531 ipsa
445 2432 469 2504 J
472 2432 613 2529 osephi
626 2438 815 2526 poemata
831 2455 915 2504 non
928 2433 1113 2529 ignorare
1127 2432 1263 2506 debet.

252 2570 310 2642 De
326 2566 549 2665 aequalium
570 2565 674 2649 ideo,
698 2589 827 2663 quum
845 2566 1009 2650 studiis
1025 2572 1117 2639 tum
1138 2571 1243 2646 mori
1261 2610 1267 2622 ·

252 2702 327 2776 bus
355 2724 484 2797 pauca
504 2698 618 2795 priris
646 2699 903 2795 explananda
921 2708 1018 2775 sunt
1036 2727 1162 2799 quarn
1184 2703 1267 2774 ini·

250 2839 359 2910 tium
376 2834 426 2908 de
454 2839 576 2931 poeta
597 2842 735 2906 nostro
757 2834 957 2907 scribendi
974 2832 1136 2909 faciam.
