2678 4718
594 324 729 379 ...94-

158 482 271 551 sunt.
292 475 504 550 Fictarum
532 469 762 567 praesertim
791 465 1027 540 fabularum
1062 489 1175 541 sum·

161 633 279 686 mum
298 609 377 683 fuit
408 605 595 681 studium
613 602 725 700 apud
748 601 1066 687 Alexandrinos,
1085 603 1172 701 qui,

160 746 300 818 animo
321 745 421 816 dum
434 739 783 838 obsequebantur,
800 737 884 809 veri
903 742 1070 810 tantum
1086 738 1175 810 ille-

162 879 292 954 cebris
306 879 471 951 allectos
485 900 528 951 se
546 877 751 948 calamum
771 875 996 972 sumpsisse
1016 874 1176 972 procia·

164 1013 350 1089 mabant.
367 1012 462 1084 Nou
478 1015 672 1107 poterant
690 1010 801 1083 euim
814 1010 931 1106 quin,
953 1007 1178 1106 indignan-

162 1155 239 1233 tes,
270 1147 455 1229 Homeri,
477 1165 602 1242 quem
628 1169 646 1214 κ
677 1149 807 1240 captae
839 1143 973 1240 Trojae
1001 1143 1177 1241 longum

162 1289 257 1380 post
269 1287 436 1376 tempus
453 1306 472 1350 n
487 1280 695 1352 viventem
725 1279 1042 1376 Graecorumque
1061 1281 1177 1377 cupi·

165 1416 265 1490 dum
290 1414 609 1499 denunciabant,
636 1413 848 1486 mendacia
876 1414 1203 1509 vituperarent..

165 1550 290 1625 Haud
314 1550 440 1623 etiam
467 1572 575 1633 eum,
597 1547 674 1620 viri
702 1548 1029 1644 prudentissimi,
1059 1549 1178 1623 divos

166 1686 275 1758 inter
294 1708 336 1757 se
355 1689 396 1756 et
415 1682 612 1755 adversus
631 1682 820 1755 homines
846 1682 1059 1757 induxisse
1075 1707 1181 1782 pug-
1228 1692 1231 1697 '

167 1824 328 1904 nantes,
372 1841 491 1914 aequo
531 1817 686 1896 animo.
733 1803 1018 1914 patiebantur;¹
1054 1819 1107 1890 sit
1134 1820 1180 1891 in

167 1951 402 2048 exemplum
418 1949 691 2024 Philostrates
707 1953 778 2048 qui
796 1951 883 2024 haec
902 1952 1042 2025 omnia
1059 1959 1182 2026 notat

170 2089 214 2159 in
229 2083 405 2159 Heroico
424 2089 526 2158 suast

216 2221 309 2294 Duo
323 2240 419 2292 vero
435 2222 600 2291 exstant
615 2215 664 2290 de
684 2218 799 2292 Bello
823 2219 1002 2317 Trojano
1029 2222 1183 2317 scripta

169 2379 264 2453 quoe
276 2352 504 2451 praesertim
525 2351 694 2449 plausus
714 2360 754 2425 et
768 2353 997 2426 imitatores
1018 2353 1095 2426 sibi
1111 2378 1184 2450 pe-

169 2493 381 2586 pereruut;
401 2483 634 2584 quibusque
650 2485 811 2560 Daretis
828 2486 1000 2584 Phrygii
1015 2487 1183 2585 Dictys·

169 2646 249 2721 que
278 2621 482 2696 Cretensis
512 2644 664 2694 nomen
694 2620 948 2694 inscribitur.
980 2622 1183 2696 Rhetores

168 2762 309 2830 autem
323 2755 395 2852 qui
413 2753 538 2828 libros
553 2755 655 2828 istos
670 2753 940 2839 coniecerant,
959 2758 1184 2831 auctorita-

169 2895 255 2963 tem
279 2890 578 2963 commenticiis
605 2887 728 2962 rebus
749 2889 969 2988 adjungere
998 2897 1184 2964 tentave-

126 3084 128 3089 .
169 3029 292 3096 runt:
309 3024 381 3120 qui
394 3046 526 3120 quum
536 3047 582 3096 ea
593 3023 672 3119 ipsi
687 3023 959 3120 scripsissent,
974 3025 1045 3097 illa
1060 3031 1184 3100 aetate

168 3161 251 3254 qua
263 3159 347 3254 jam
361 3157 413 3229 ad
428 3158 625 3231 ultimum
638 3181 778 3230 casum
792 3139 914 3266 citius
925 3161 1180 3256 praecipitem

169 3290 264 3364 ferri
281 3292 455 3366 Romam
475 3315 636 3366 cernere
655 3299 756 3376 erat,
770 3297 876 3377 tum,
895 3316 945 3364 ex
964 3293 1029 3366 his
1047 3295 1181 3369 histo·

166 3426 288 3512 riis,a
303 3421 489 3502 Cornelio
502 3425 841 3522 Nepotealteram
851 3428 1064 3503 iuventam
1080 3431 1180 3522 etin

104 3792 107 3800 ’
125 3818 127 3821 ·
200 3807 301 3859 ¹Vide
313 3805 477 3871 chassang:
498 3805 628 3858 Histoire
651 3804 690 3857 du
704 3805 818 3858 Roman
837 3807 909 3858 dans
923 3807 1086 3875 l'antiquite
1098 3825 1180 3876 prec-

171 3905 225 3957 que
237 3894 264 3941 et
277 3887 366 3939 latine
373 3905 384 3946 ;
398 3887 471 3936 Pars
486 3887 533 3948 ΙΙΙ,
549 3903 610 3954 cap.
621 3887 657 3939 V.
