2678 4718
595 397 631 408 ...
649 371 680 422 71
701 397 736 408 .-

165 503 256 579 Quid
277 509 391 586 possit
403 506 544 575 fortuna
562 509 679 574 videt:
703 529 774 575 nun
787 513 919 601 perfida
931 520 1038 580 sentit

69 688 72 693 .
163 599 398 687 ProsperitaS,
413 605 551 668 flevisse
564 606 740 686 humilem,
757 613 816 692 qui
833 611 924 674 ridet
938 614 973 674 in
985 612 1076 675 altis.
1099 609 1103 616 ’

145 717 147 720 ⁴
164 696 314 773 Parcite,
330 703 472 766 venales
487 706 646 787 quisquis
658 712 807 770 venatur
820 708 984 785 honores,

164 795 267 862 Unde
279 805 362 864 ruat
375 801 533 866 tabulata
547 808 663 869 struit.
679 800 811 871 Fremit
824 806 910 871 ultio
925 827 1036 875 noxas

165 892 263 963 Tunc
277 898 427 985 gravior,
448 919 526 965 cum
541 896 640 967 tarda
661 906 806 970 venit...
829 910 850 967 ¹.
869 967 872 971 ,

214 1112 377 1185 Horatii
389 1137 552 1210 quoque
565 1121 637 1186 aui
648 1115 884 1187 recentioris
897 1119 1036 1211 potius
1049 1124 1179 1214 poetae

164 1249 378 1345 cujusdam
432 1251 629 1322 memoria
675 1248 753 1323 tibi
794 1248 932 1323 forsan
978 1261 1176 1338 occurret,

165 1405 311 1478 quum,
342 1391 508 1457 mortuo
528 1385 716 1464 Hectore,
741 1384 1040 1458 exclamantem
1064 1387 1178 1460 Jose·
1213 1465 1216 1470 ,

165 1519 296 1613 phum
321 1517 490 1591 audies:
527 1507 531 1515 ’
929 1499 935 1509 ’

165 1731 261 1798 Heul
279 1733 364 1797 heu!
382 1753 487 1815 quam
503 1732 599 1797 tenui
613 1739 741 1799 nutant
751 1732 913 1797 mortalia
927 1734 1002 1797 fiio!

162 1829 219 1893 Nil
233 1830 365 1895 homini
379 1831 488 1894 fixum
506 1853 513 1890 :
536 1830 703 1894 Fortunae
724 1851 868 1895 munera
883 1830 1031 1908 blandae,

161 1921 321 2006 Insidias,
339 1949 410 1992 non
425 1928 516 1992 dona
529 1949 608 1992 reor
626 1951 632 1990 :
657 1948 860 2012 semperque
877 1929 1015 1992 timebis

162 2027 335 2111 Syrenum
347 2030 460 2093 turbae
476 2027 628 2103 simileiS,
645 2029 714 2091 'sub
730 2028 802 2091 sole
817 2047 938 2093 sereno

161 2124 310 2197 Nubem‚
329 2127 393 2188 sub
405 2125 478 2189 risu
493 2125 679 2208 lacrymaS,
697 2126 762 2188 sub
776 2124 878 2188 melle
892 2144 1076 2203 venenum,
1110 2112 1114 2118 ’

163 2223 200 2285 Si
217 2223 280 2286 tibi
293 2243 361 2300 res
377 2222 466 2286 fallit
484 2243 610 2287 casus:
628 2223 657 2286 si
677 2223 801 2301 forma,
824 2228 985 2286 senectus
1003 2247 1009 2284 ε

162 2320 199 2384 Si
219 2324 322 2396 vires,
344 2322 488 2385 morbus
514 2344 520 2383 :
546 2324 574 2384 si
602 2341 730 2384 nomen
754 2321 894 2405 grande,
918 2320 1023 2385 litura

161 2419 331 2485 Postera:
353 2424 388 2483 et
405 2423 440 2482 in
454 2419 559 2504 nullis
571 2419 633 2485 fati
648 2419 846 2483 constantia
862 2419 974 2496 donis,

160 2517 238 2600 lpse
251 2520 356 2583 etiam
369 2519 435 2582 has
450 2518 540 2582 inter
554 2519 649 2583 tenui
663 2517 793 2580 virtute
808 2517 975 2600 procellas

158 2615 285 2681 Fretus
296 2617 415 2693 homo,
423 2620 485 2682 aut
495 2615 797 2700 languetmoriens
811 2621 874 2679 aut
883 2621 1043 2680 mortuus
1058 2624 1132 2681 aret
1149 2625 1172 2679 ².

193 2864 200 2898 ¹
218 2857 279 2910 Lib.
297 2860 318 2919 l,
337 2874 410 2910 vers.
426 2860 479 2937 ‚3³²

582 2959 744 3007 Numerosa
759 2956 881 3023 parabat
928 2994 932 3001 .

297 3041 426 3094 Excelsa*
441 3041 530 3090 turris
547 3037 689 3099 tabulata,
702 3037 778 3087 unde
793 3036 879 3087 altior
894 3043 971 3088 esset

299 3123 390 3172 Casus
392 3159 441 3173 .....

829 3198 899 3263 (Sat.
916 3198 964 3259 X.)

157 3302 299 3353 habemus
314 3301 392 3367 apud
408 3301 587 3353 iuvenalem.
601 3300 709 3350 Parum
720 3298 854 3349 dissimili
869 3297 981 3348 dixerat
993 3297 1170 3349 Claudianus

156 3384 255 3434 animo
272 3397 277 3434 :

533 3473 537 3485 '
575 3463 641 3513 Jam
659 3476 717 3511 non
734 3462 771 3512 ad
786 3460 912 3511 culmina
927 3475 1023 3511 rerum

295 3547 423 3612 injustos
435 3545 560 3595 crevisse
577 3557 681 3610 queror
698 3559 703 3592 :
719 3541 863 3593 tolluntur
878 3541 910 3593 in
924 3541 1018 3597 titum

294 3626 333 3678 Ut
348 3626 433 3693 lapsu
450 3624 582 3690 graviore
593 3627 681 3675 ruant

694 3733 741 3792 (In
758 3731 905 3796 Rufinum,
920 3730 969 3780 lib.
982 3731 1010 3790 Ἰ,
1028 3746 1100 3780 vers.
1118 3732 1166 3790 21.)

187 3851 276 3902 ²Lib.
296 3851 331 3910 V,
351 3867 423 3900 vers.
445 3853 497 3902 511.
517 3853 557 3901 lia
584 3850 736 3902 notissima
762 3848 890 3898 carmina
906 3852 998 3912 poetae
1016 3848 1093 3898 iilius
1119 3851 1168 3912 qui
