2678 4718
714 333 859 386 ...48-

287 495 373 544 cem
390 496 534 570 quum,
552 480 715 547 summa
732 481 841 560 cura,
865 477 1097 576 perlegeret,
1119 476 1171 549 ad
1196 478 1305 551 illud

285 606 310 677 J
313 607 452 703 osephi
470 632 634 681 carmen
647 610 761 682 venit
780 633 788 681 :

448 867 545 945 Quos
561 886 705 952 superos
721 871 755 932 in
771 872 854 933 vota
871 889 988 934 vocem
1002 876 1009 910 ¹
1022 873 1071 938 2²...

287 1119 324 1184 et
342 1114 383 1184 in
398 1113 581 1208 margine
596 1113 834 1210 diligentem
850 1116 1072 1213 quemdam
1087 1116 1300 1215 scripsisse

289 1247 449 1318 notavit
472 1271 480 1318 τ
505 1272 523 1315 u
545 1246 712 1346 Supplc,
730 1272 799 1347 epo
818 1249 1057 1360 Josephus².
1080 1278 1098 1320 >r

337 1382 384 1451 ln
404 1380 623 1453 Germanii
649 1381 872 1469 interdum,
899 1383 948 1455 de
976 1384 1089 1457 Bello
1118 1384 1300 1482 Trojano

286 1514 454 1613 Josephi
474 1515 614 1600 libros,
630 1541 733 1614 quos
753 1539 776 1589 a
796 1516 981 1590 Cornelio
997 1518 1155 1616 Nepote
1171 1520 1300 1617 scrip·

286 1656 364 1732 tos,
394 1671 527 1723 errore
558 1673 722 1725 summo
746 1650 951 1737 dicebant,
980 1653 1092 1750 typis
1121 1679 1139 1722 «
1171 1652 1302 1727 edito·

286 1808 349 1858 res
371 1811 388 1855 n
410 1783 581 1882 quidam
611 1786 932 1871 mandaverunt3
966 1787 1161 1882 permulti
1188 1787 1300 1863 idem

287 1925 443 2017 postea,
459 1919 724 1993 immodicam
742 1921 936 2017 Josepho,
951 1945 993 1993 re
1013 1923 1115 2031 ipsi,
1133 1921 1301 1996 laudem

287 2053 530 2153 praebentes,
552 2052 878 2129 affirmaverunt.
896 2056 992 2128 Non
1008 2056 1141 2128 solum
1155 2062 1301 2130 tamen

286 2211 404 2261 voces
416 2187 466 2259 ab
483 2190 625 2260 lscano
641 2189 805 2262 usitatae
818 2189 994 2263 Cornelii
1010 2190 1182 2287 Nepotis
1195 2197 1301 2264 tem·

287 2345 364 2418 pus
392 2322 563 2394 minime
597 2321 884 2396 demonstrant
914 2323 1199 2421 recentiusque
1229 2324 1299 2397 de-

287 2458 489 2530 nunciant
504 2481 662 2544 aevum3
685 2457 894 2531 sedetiam
915 2481 997 2555 quo
1014 2457 1136 2530 modo
1149 2458 1198 2531 de
1216 2459 1301 2531 Ar·

285 2587 409 2661 thuro
442 2590 664 2662 Britonum
701 2614 793 2687 rege
825 2592 1061 2664 meminisse
1093 2593 1301 2687 potuisset

286 2720 510 2809 Cornelius,
541 2725 612 2796 vix
641 2727 850 2823 concipere
878 2749 998 2824 queo,
1014 2730 1060 2802 ld
1076 2727 1187 2800 enirn
1202 2726 1297 2799 libri

286 2856 423 2953 quinti
437 2881 562 2956 supra
578 2861 815 2938 notavimus
838 2887 846 2932 ε

318 3103 326 3172 i
344 3137 479 3189 maeno
493 3138 628 3204 nonno,
640 3139 689 3190 ua.
706 3139 728 3202 1,
745 3154 820 3192 vers.
837 3140 875 3192 aa.

316 3259 328 3291 2
345 3275 358 3301 α
375 3254 487 3306 Offendi
501 3257 587 3308 tertio
605 3256 738 3307 eumdem
749 3256 878 3307 libellum
894 3261 923 3307 et
941 3270 1120 3322 anonymum
1135 3260 1162 3307 et
1173 3256 1229 3306 sub
1241 3258 1301 3309 fine

285 3336 431 3388 mutilum.
448 3337 501 3388 Hic
525 3353 587 3404 ego,
617 3353 683 3405 quae
697 3352 762 3388 mea
788 3341 931 3387 eratcum
960 3337 1078 3386 homine
1107 3338 1301 3397 consuetudO,

285 3423 387 3469 mutuo
403 3419 532 3471 libellum
547 3421 627 3488 petii,
645 3424 673 3470 et
698 3419 746 3470 ille
762 3417 848 3469 dedit.
874 3417 944 3469 Inde
967 3418 1086 3468 domum
1102 3417 1257 3479 divertens,
1271 3425 1300 3471 et

284 3498 396 3550 solicite
411 3502 521 3552 autoris
536 3515 653 3560 nomen,
670 3499 801 3551 adhibito
826 3499 926 3559 amico,
946 3514 1087 3565 quaerens,
1106 3499 1233 3560 tandem,
1248 3499 1302 3551 ubi

285 3583 392 3634 adhoc
407 3582 623 3635 hemistichium
639 3584 811 3648 perventum
826 3584 888 3631 est:
906 3581 980 3646 Quos
996 3595 1111 3647 superos
1122 3582 1153 3631 in
1168 3585 1235 3631 vota
1251 3596 1296 3631 oo·

283 3679 351 3728 cem,
367 3664 485 3731 quidam
510 3664 632 3730 diligens
648 3664 739 3713 lector
762 3661 793 3711 in
814 3663 951 3728 margine,
970 3661 1175 3712 minutissimis
1191 3661 1297 3712 litteris

284 3746 474 3813 ascripserat:
490 3745 609 3812 supple,
628 3759 677 3811 epo
700 3743 723 3793 J
724 3743 852 3809 osephus.
868 3765 882 3791 ι)
901 3744 1107 3815 Commentarii
1121 3743 1155 3794 de
1171 3743 1298 3810 Scripto-

284 3828 365 3880 ribus
375 3827 565 3888 Britannicis,
581 3840 642 3890 cap.
660 3823 796 3885 CCXVII,
813 3841 839 3892 p.
854 3826 906 3877 236.
