<?xml version="1.0" encoding="UTF-8"?>
<!DOCTYPE html PUBLIC "-//W3C//DTD XHTML 1.0 Transitional//EN"
    "http://www.w3.org/TR/xhtml1/DTD/xhtml1-transitional.dtd">
<html xmlns="http://www.w3.org/1999/xhtml" xml:lang="en" lang="en">
 <head>
  <title>
</title>
<meta http-equiv="Content-Type" content="text/html;charset=utf-8" />
  <meta name='ocr-system' content='tesseract 3.04.00' />
  <meta name='ocr-capabilities' content='ocr_page ocr_carea ocr_par ocr_line ocrx_word'/>
</head>
<body>
  <div class='ocr_page' id='page_1' title='image "./dejosephoexonie00jussgoog_0109.png"; bbox 0 0 2678 4718; ppageno 0'>
   <div class='ocr_carea' id='block_1_1' title="bbox 386 839 919 1016">
    <p class='ocr_par' dir='ltr' id='par_1_1' title="bbox 386 839 919 1016">
     <span class='ocr_line' id='line_1_1' title="bbox 386 839 919 1016; baseline 0.002 -1"><span class='ocrx_word' id='word_1_1' title='bbox 386 839 588 1015; x_wconf 73' lang='lat' dir='ltr'><strong>risen</strong></span> <span class='ocrx_word' id='word_1_2' title='bbox 649 910 919 1016; x_wconf 73' lang='lat' dir='ltr'>PRIMUS</span> 
     </span>
    </p>
   </div>
   <div class='ocr_carea' id='block_1_2' title="bbox 141 1486 1160 1898">
    <p class='ocr_par' dir='ltr' id='par_1_2' title="bbox 141 1486 1160 1799">
     <span class='ocr_line' id='line_1_2' title="bbox 173 1486 1160 1555; baseline -0.001 -14"><span class='ocrx_word' id='word_1_3' title='bbox 173 1489 208 1541; x_wconf 87' lang='lat' dir='ltr'><strong>N.</strong></span> <span class='ocrx_word' id='word_1_4' title='bbox 234 1490 266 1540; x_wconf 89' lang='grc' dir='ltr'><strong>Β.</strong></span> <span class='ocrx_word' id='word_1_5' title='bbox 293 1517 321 1528; x_wconf 88' lang='grc'>-</span> <span class='ocrx_word' id='word_1_6' title='bbox 345 1487 552 1540; x_wconf 86' lang='lat' dir='ltr'><strong>Rationalibus</strong></span> <span class='ocrx_word' id='word_1_7' title='bbox 575 1486 680 1538; x_wconf 88' lang='lat' dir='ltr'><strong>litteris</strong></span> <span class='ocrx_word' id='word_1_8' title='bbox 703 1491 781 1538; x_wconf 86' lang='lat' dir='ltr'><strong>notae</strong></span> <span class='ocrx_word' id='word_1_9' title='bbox 801 1502 816 1537; x_wconf 93' lang='lat' dir='ltr'><strong>e</strong></span> <span class='ocrx_word' id='word_1_10' title='bbox 836 1486 934 1538; x_wconf 84' lang='lat' dir='ltr'><strong>codice</strong></span> <span class='ocrx_word' id='word_1_11' title='bbox 958 1488 1160 1555; x_wconf 85' lang='lat' dir='ltr'><strong>manuscripto</strong></span> 
     </span>
     <span class='ocr_line' id='line_1_3' title="bbox 142 1567 1159 1637; baseline 0 -16"><span class='ocrx_word' id='word_1_12' title='bbox 142 1573 291 1637; x_wconf 84' lang='lat' dir='ltr'><strong>excerptae,</strong></span> <span class='ocrx_word' id='word_1_13' title='bbox 310 1568 465 1621; x_wconf 88' lang='lat' dir='ltr'><strong>ordinariis</strong></span> <span class='ocrx_word' id='word_1_14' title='bbox 479 1583 549 1619; x_wconf 82' lang='lat' dir='ltr'><strong>vero</strong></span> <span class='ocrx_word' id='word_1_15' title='bbox 567 1582 640 1620; x_wconf 84' lang='lat' dir='ltr'><strong>meae</strong></span> <span class='ocrx_word' id='word_1_16' title='bbox 664 1567 860 1635; x_wconf 82' lang='lat' dir='ltr'>designantur.</span> <span class='ocrx_word' id='word_1_17' title='bbox 885 1569 918 1618; x_wconf 91' lang='lat' dir='ltr'><strong>ln</strong></span> <span class='ocrx_word' id='word_1_18' title='bbox 940 1567 1023 1632; x_wconf 91' lang='lat' dir='ltr'><strong>meis,</strong></span> <span class='ocrx_word' id='word_1_19' title='bbox 1039 1568 1159 1634; x_wconf 81' lang='lat' dir='ltr'><strong>signum</strong></span> 
     </span>
     <span class='ocr_line' id='line_1_4' title="bbox 141 1648 1158 1717; baseline -0.002 -13"><span class='ocrx_word' id='word_1_20' title='bbox 141 1654 174 1704; x_wconf 93' lang='lat' dir='ltr'><strong>D.</strong></span> <span class='ocrx_word' id='word_1_21' title='bbox 191 1652 224 1703; x_wconf 93' lang='lat' dir='ltr'><strong>D.</strong></span> <span class='ocrx_word' id='word_1_22' title='bbox 237 1650 326 1702; x_wconf 82' lang='lat' dir='ltr'><strong>verba</strong></span> <span class='ocrx_word' id='word_1_23' title='bbox 341 1650 474 1717; x_wconf 82' lang='lat' dir='ltr'><strong>designat</strong></span> <span class='ocrx_word' id='word_1_24' title='bbox 487 1664 553 1717; x_wconf 89' lang='lat' dir='ltr'><strong>quae</strong></span> <span class='ocrx_word' id='word_1_25' title='bbox 569 1649 600 1700; x_wconf 83' lang='lat' dir='ltr'><strong>in</strong></span> <span class='ocrx_word' id='word_1_26' title='bbox 628 1648 768 1700; x_wconf 90' lang='lat' dir='ltr'><strong>Dresemii</strong></span> <span class='ocrx_word' id='word_1_27' title='bbox 781 1648 908 1700; x_wconf 81' lang='lat' dir='ltr'><strong>editione</strong></span> <span class='ocrx_word' id='word_1_28' title='bbox 927 1649 1069 1712; x_wconf 62' lang='lat' dir='ltr'><strong>(Amant,</strong></span> <span class='ocrx_word' id='word_1_29' title='bbox 1085 1650 1158 1712; x_wconf 79' lang='lat'>1⁷02&gt;</span> 
     </span>
     <span class='ocr_line' id='line_1_5' title="bbox 141 1731 279 1799; baseline -0.007 -16"><span class='ocrx_word' id='word_1_30' title='bbox 141 1731 279 1799; x_wconf 65' lang='lat' dir='ltr'><strong>reperies,</strong></span> 
     </span>
    </p>

    <p class='ocr_par' dir='ltr' id='par_1_3' title="bbox 171 1828 1153 1898">
     <span class='ocr_line' id='line_1_6' title="bbox 171 1828 1153 1898; baseline 0.003 -18"><span class='ocrx_word' id='word_1_31' title='bbox 171 1830 308 1881; x_wconf 83' lang='lat' dir='ltr'>Veterem</span> <span class='ocrx_word' id='word_1_32' title='bbox 320 1828 559 1896; x_wconf 77' lang='lat' dir='ltr'><strong>orthographiam</strong></span> <span class='ocrx_word' id='word_1_33' title='bbox 576 1835 604 1882; x_wconf 87' lang='lat' dir='ltr'><strong>et</strong></span> <span class='ocrx_word' id='word_1_34' title='bbox 620 1829 883 1897; x_wconf 85' lang='lat' dir='ltr'><strong>interpunctionem</strong></span> <span class='ocrx_word' id='word_1_35' title='bbox 900 1829 1009 1898; x_wconf 91' lang='lat' dir='ltr'><strong>ubique</strong></span> <span class='ocrx_word' id='word_1_36' title='bbox 1027 1829 1153 1883; x_wconf 85' lang='lat' dir='ltr'><strong>custodi.</strong></span> 
     </span>
    </p>
   </div>
   <div class='ocr_carea' id='block_1_3' title="bbox 454 2144 843 2244">
    <p class='ocr_par' dir='ltr' id='par_1_4' title="bbox 454 2144 843 2244">
     <span class='ocr_line' id='line_1_7' title="bbox 454 2144 843 2244; baseline -0.003 -26"><span class='ocrx_word' id='word_1_37' title='bbox 454 2165 753 2220; x_wconf 69' lang='lat' dir='ltr'><strong>nsounemon</strong></span> <span class='ocrx_word' id='word_1_38' title='bbox 787 2144 843 2244; x_wconf 86' lang='lat' dir='ltr'><strong>(a)</strong></span> 
     </span>
    </p>
   </div>
   <div class='ocr_carea' id='block_1_4' title="bbox 140 2376 1196 3625">
    <p class='ocr_par' dir='ltr' id='par_1_5' title="bbox 140 2376 1196 3625">
     <span class='ocr_line' id='line_1_8' title="bbox 182 2376 1156 2461; baseline 0 -20"><span class='ocrx_word' id='word_1_39' title='bbox 182 2378 249 2441; x_wconf 85' lang='lat' dir='ltr'><strong>Hoo</strong></span> <span class='ocrx_word' id='word_1_40' title='bbox 275 2377 427 2440; x_wconf 86' lang='lat' dir='ltr'><strong>uolumen</strong></span> <span class='ocrx_word' id='word_1_41' title='bbox 455 2396 510 2439; x_wconf 84' lang='lat' dir='ltr'><strong>sex</strong></span> <span class='ocrx_word' id='word_1_42' title='bbox 538 2376 717 2459; x_wconf 83' lang='lat' dir='ltr'><strong>explicatur</strong></span> <span class='ocrx_word' id='word_1_43' title='bbox 747 2377 1021 2451; x_wconf 72' lang='lat' dir='ltr'><strong>distinctionibus</strong></span> <span class='ocrx_word' id='word_1_44' title='bbox 1052 2377 1156 2461; x_wconf 87' lang='lat' dir='ltr'><strong>prime</strong></span> 
     </span>
     <span class='ocr_line' id='line_1_9' title="bbox 140 2493 1196 2578; baseline -0.002 -19"><span class='ocrx_word' id='word_1_45' title='bbox 140 2495 336 2559; x_wconf 80' lang='lat' dir='ltr'><strong>continentia</strong></span> <span class='ocrx_word' id='word_1_46' title='bbox 348 2494 467 2558; x_wconf 80' lang='lat' dir='ltr'><strong>honest</strong></span> <span class='ocrx_word' id='word_1_47' title='bbox 485 2516 491 2556; x_wconf 92' lang='lat'>:</span> <span class='ocrx_word' id='word_1_48' title='bbox 509 2494 614 2577; x_wconf 87' lang='lat' dir='ltr'><strong>primo</strong></span> <span class='ocrx_word' id='word_1_49' title='bbox 628 2493 858 2578; x_wconf 85' lang='lat' dir='ltr'><strong>profectionem</strong></span> <span class='ocrx_word' id='word_1_50' title='bbox 882 2513 920 2559; x_wconf 84' lang='lat' dir='ltr'><strong>ao</strong></span> <span class='ocrx_word' id='word_1_51' title='bbox 940 2493 1080 2560; x_wconf 88' lang='lat' dir='ltr'><strong>reditum</strong></span> <span class='ocrx_word' id='word_1_52' title='bbox 1105 2515 1156 2558; x_wconf 86' lang='lat' dir='ltr'><strong>ar·</strong></span> <span class='ocrx_word' id='word_1_53' title='bbox 1192 2540 1196 2546; x_wconf 86' lang='lat'>-</span> 
     </span>
     <span class='ocr_line' id='line_1_10' title="bbox 142 2610 1154 2694; baseline -0.001 -19"><span class='ocrx_word' id='word_1_54' title='bbox 142 2620 355 2694; x_wconf 80' lang='lat' dir='ltr'><strong>gonautarurn</strong></span> <span class='ocrx_word' id='word_1_55' title='bbox 373 2617 445 2694; x_wconf 90' lang='lat' dir='ltr'><strong>post</strong></span> <span class='ocrx_word' id='word_1_56' title='bbox 458 2618 585 2691; x_wconf 84' lang='lat' dir='ltr'><strong>raptum</strong></span> <span class='ocrx_word' id='word_1_57' title='bbox 608 2610 738 2673; x_wconf 87' lang='lat' dir='ltr'><strong>uelleris</strong></span> <span class='ocrx_word' id='word_1_58' title='bbox 761 2611 901 2692; x_wconf 79' lang='lat' dir='ltr'><strong>expedit,</strong></span> <span class='ocrx_word' id='word_1_59' title='bbox 918 2611 1058 2674; x_wconf 82' lang='lat' dir='ltr'><strong>seeundo</strong></span> <span class='ocrx_word' id='word_1_60' title='bbox 1083 2611 1154 2677; x_wconf 89' lang='lat' dir='ltr'><strong>bel-</strong></span> 
     </span>
     <span class='ocr_line' id='line_1_11' title="bbox 140 2726 1152 2805; baseline -0.001 -13"><span class='ocrx_word' id='word_1_61' title='bbox 140 2729 208 2792; x_wconf 91' lang='lat' dir='ltr'><strong>lum</strong></span> <span class='ocrx_word' id='word_1_62' title='bbox 219 2727 359 2792; x_wconf 83' lang='lat' dir='ltr'><strong>herculis</strong></span> <span class='ocrx_word' id='word_1_63' title='bbox 369 2736 400 2789; x_wconf 91' lang='lat' dir='ltr'><strong>et</strong></span> <span class='ocrx_word' id='word_1_64' title='bbox 412 2727 609 2790; x_wconf 85' lang='lat' dir='ltr'><strong>troianorum</strong></span> <span class='ocrx_word' id='word_1_65' title='bbox 619 2745 656 2790; x_wconf 83' lang='lat' dir='ltr'><strong>ao</strong></span> <span class='ocrx_word' id='word_1_66' title='bbox 667 2726 879 2789; x_wconf 87' lang='lat' dir='ltr'><strong>laomedontis</strong></span> <span class='ocrx_word' id='word_1_67' title='bbox 889 2726 1152 2805; x_wconf 82' lang='lat' dir='ltr'><strong>interfectionem,</strong></span> 
     </span>
     <span class='ocr_line' id='line_1_12' title="bbox 140 2841 1154 2927; baseline -0.001 -18"><span class='ocrx_word' id='word_1_68' title='bbox 140 2845 236 2909; x_wconf 87' lang='lat' dir='ltr'><strong>tertio</strong></span> <span class='ocrx_word' id='word_1_69' title='bbox 249 2861 427 2926; x_wconf 82' lang='lat' dir='ltr'><strong>regressum</strong></span> <span class='ocrx_word' id='word_1_70' title='bbox 451 2843 566 2927; x_wconf 82' lang='lat' dir='ltr'><strong>priami</strong></span> <span class='ocrx_word' id='word_1_71' title='bbox 591 2843 632 2906; x_wconf 90' lang='lat' dir='ltr'><strong>ab</strong></span> <span class='ocrx_word' id='word_1_72' title='bbox 652 2841 801 2905; x_wconf 84' lang='lat' dir='ltr'><strong>orientali</strong></span> <span class='ocrx_word' id='word_1_73' title='bbox 826 2843 964 2925; x_wconf 84' lang='lat' dir='ltr'><strong>phrigia,</strong></span> <span class='ocrx_word' id='word_1_74' title='bbox 981 2854 1096 2926; x_wconf 83' lang='lat' dir='ltr'><strong>quarto</strong></span> <span class='ocrx_word' id='word_1_75' title='bbox 1123 2854 1154 2908; x_wconf 88' lang='lat' dir='ltr'><strong>et</strong></span> 
     </span>
     <span class='ocr_line' id='line_1_13' title="bbox 141 2961 1154 3046; baseline -0.001 -20"><span class='ocrx_word' id='word_1_76' title='bbox 141 2961 255 3028; x_wconf 85' lang='lat' dir='ltr'><strong>ultimo</strong></span> <span class='ocrx_word' id='word_1_77' title='bbox 279 2961 513 3026; x_wconf 88' lang='lat' dir='ltr'><strong>restitutionem</strong></span> <span class='ocrx_word' id='word_1_78' title='bbox 540 2978 777 3044; x_wconf 79' lang='lat' dir='ltr'><strong>pergamorum,</strong></span> <span class='ocrx_word' id='word_1_79' title='bbox 804 2970 835 3022; x_wconf 89' lang='lat' dir='ltr'><strong>et</strong></span> <span class='ocrx_word' id='word_1_80' title='bbox 857 2961 945 3023; x_wconf 86' lang='lat' dir='ltr'><strong>urbis</strong></span> <span class='ocrx_word' id='word_1_81' title='bbox 969 2961 1154 3046; x_wconf 86' lang='lat' dir='ltr'><strong>descriptio-</strong></span> 
     </span>
     <span class='ocr_line' id='line_1_14' title="bbox 140 3074 1154 3163; baseline 0 -20"><span class='ocrx_word' id='word_1_82' title='bbox 140 3099 226 3154; x_wconf 87' lang='lat' dir='ltr'><strong>nem,</strong></span> <span class='ocrx_word' id='word_1_83' title='bbox 241 3087 273 3142; x_wconf 93' lang='lat' dir='ltr'><strong>et</strong></span> <span class='ocrx_word' id='word_1_84' title='bbox 287 3074 465 3142; x_wconf 84' lang='lat' dir='ltr'><strong>notandum</strong></span> <span class='ocrx_word' id='word_1_85' title='bbox 477 3096 551 3140; x_wconf 83' lang='lat' dir='ltr'><strong>oum</strong></span> <span class='ocrx_word' id='word_1_86' title='bbox 568 3077 608 3139; x_wconf 92' lang='lat' dir='ltr'><strong>sit</strong></span> <span class='ocrx_word' id='word_1_87' title='bbox 623 3085 772 3140; x_wconf 85' lang='lat' dir='ltr'><strong>autorum</strong></span> <span class='ocrx_word' id='word_1_88' title='bbox 790 3095 958 3141; x_wconf 88' lang='lat' dir='ltr'><strong>commune</strong></span> <span class='ocrx_word' id='word_1_89' title='bbox 981 3097 1062 3163; x_wconf 90' lang='lat' dir='ltr'><strong>opus</strong></span> <span class='ocrx_word' id='word_1_90' title='bbox 1086 3099 1154 3144; x_wconf 89' lang='lat' dir='ltr'><strong>sus-</strong></span> 
     </span>
     <span class='ocr_line' id='line_1_15' title="bbox 140 3192 1191 3279; baseline 0.001 -21"><span class='ocrx_word' id='word_1_91' title='bbox 140 3205 269 3279; x_wconf 85' lang='lat' dir='ltr'><strong>ceptum</strong></span> <span class='ocrx_word' id='word_1_92' title='bbox 283 3194 315 3257; x_wconf 92' lang='lat' dir='ltr'><strong>in</strong></span> <span class='ocrx_word' id='word_1_93' title='bbox 330 3194 391 3258; x_wconf 86' lang='lat' dir='ltr'><strong>tria</strong></span> <span class='ocrx_word' id='word_1_94' title='bbox 409 3193 534 3278; x_wconf 84' lang='lat' dir='ltr'><strong>partiri,</strong></span> <span class='ocrx_word' id='word_1_95' title='bbox 550 3192 671 3278; x_wconf 79' lang='lat' dir='ltr'><strong>scilieet</strong></span> <span class='ocrx_word' id='word_1_96' title='bbox 694 3192 726 3255; x_wconf 91' lang='lat' dir='ltr'><strong>in</strong></span> <span class='ocrx_word' id='word_1_97' title='bbox 743 3194 1006 3277; x_wconf 86' lang='lat' dir='ltr'><strong>propositionem,</strong></span> <span class='ocrx_word' id='word_1_98' title='bbox 1024 3194 1153 3259; x_wconf 80' lang='lat' dir='ltr'><strong>inuoca·</strong></span> <span class='ocrx_word' id='word_1_99' title='bbox 1188 3232 1191 3237; x_wconf 92' lang='lat'><em>·</em></span> 
     </span>
     <span class='ocr_line' id='line_1_16' title="bbox 140 3309 1153 3387; baseline -0.002 -10"><span class='ocrx_word' id='word_1_100' title='bbox 140 3314 261 3378; x_wconf 88' lang='lat' dir='ltr'><strong>tionem</strong></span> <span class='ocrx_word' id='word_1_101' title='bbox 283 3320 315 3375; x_wconf 91' lang='lat' dir='ltr'><strong>et</strong></span> <span class='ocrx_word' id='word_1_102' title='bbox 343 3310 596 3384; x_wconf 79' lang='lat' dir='ltr'><strong>enarrationem,</strong></span> <span class='ocrx_word' id='word_1_103' title='bbox 617 3309 676 3373; x_wconf 92' lang='lat' dir='ltr'><strong>iste</strong></span> <span class='ocrx_word' id='word_1_104' title='bbox 701 3309 844 3373; x_wconf 88' lang='lat' dir='ltr'><strong>medium</strong></span> <span class='ocrx_word' id='word_1_105' title='bbox 870 3311 1000 3387; x_wconf 89' lang='lat' dir='ltr'><strong>omittit,</strong></span> <span class='ocrx_word' id='word_1_106' title='bbox 1031 3312 1153 3377; x_wconf 81' lang='lat' dir='ltr'><strong>seilicet</strong></span> 
     </span>
     <span class='ocr_line' id='line_1_17' title="bbox 141 3425 1152 3511; baseline 0 -19"><span class='ocrx_word' id='word_1_107' title='bbox 141 3429 389 3494; x_wconf 84' lang='lat' dir='ltr'><strong>inuocationem.</strong></span> <span class='ocrx_word' id='word_1_108' title='bbox 413 3425 640 3508; x_wconf 82' lang='lat' dir='ltr'><strong>Paganisinurn</strong></span> <span class='ocrx_word' id='word_1_109' title='bbox 664 3425 750 3488; x_wconf 86' lang='lat' dir='ltr'><strong>enirn</strong></span> <span class='ocrx_word' id='word_1_110' title='bbox 775 3425 940 3501; x_wconf 84' lang='lat' dir='ltr'><strong>incideret,</strong></span> <span class='ocrx_word' id='word_1_111' title='bbox 961 3427 988 3490; x_wconf 94' lang='lat' dir='ltr'><strong>si</strong></span> <span class='ocrx_word' id='word_1_112' title='bbox 1008 3428 1152 3511; x_wconf 90' lang='lat' dir='ltr'><strong>phebum</strong></span> 
     </span>
     <span class='ocr_line' id='line_1_18' title="bbox 140 3542 975 3625; baseline -0.005 -15"><span class='ocrx_word' id='word_1_113' title='bbox 140 3546 193 3611; x_wconf 90' lang='lat' dir='ltr'><strong>uel</strong></span> <span class='ocrx_word' id='word_1_114' title='bbox 209 3563 373 3609; x_wconf 86' lang='lat' dir='ltr'><strong>musarum</strong></span> <span class='ocrx_word' id='word_1_115' title='bbox 388 3543 531 3625; x_wconf 85' lang='lat' dir='ltr'><strong>aliquam</strong></span> <span class='ocrx_word' id='word_1_116' title='bbox 544 3561 632 3606; x_wconf 91' lang='lat' dir='ltr'><strong>more</strong></span> <span class='ocrx_word' id='word_1_117' title='bbox 645 3542 783 3606; x_wconf 86' lang='lat' dir='ltr'><strong>aliorum</strong></span> <span class='ocrx_word' id='word_1_118' title='bbox 801 3543 975 3607; x_wconf 84' lang='lat' dir='ltr'><strong>inuocaret.</strong></span> 
     </span>
    </p>
   </div>
   <div class='ocr_carea' id='block_1_5' title="bbox 173 3763 937 3837">
    <p class='ocr_par' dir='ltr' id='par_1_6' title="bbox 173 3763 937 3837">
     <span class='ocr_line' id='line_1_19' title="bbox 173 3763 937 3837; baseline -0.004 -15"><span class='ocrx_word' id='word_1_119' title='bbox 173 3768 211 3837; x_wconf 86' lang='lat' dir='ltr'><strong>(a)</strong></span> <span class='ocrx_word' id='word_1_120' title='bbox 227 3770 290 3822; x_wconf 88' lang='lat' dir='ltr'><strong>Hoc</strong></span> <span class='ocrx_word' id='word_1_121' title='bbox 305 3767 508 3832; x_wconf 80' lang='lat' dir='ltr'><strong>argumentum</strong></span> <span class='ocrx_word' id='word_1_122' title='bbox 526 3780 543 3816; x_wconf 94' lang='lat' dir='ltr'><strong>a</strong></span> <span class='ocrx_word' id='word_1_123' title='bbox 560 3763 634 3815; x_wconf 92' lang='lat' dir='ltr'><strong>libro</strong></span> <span class='ocrx_word' id='word_1_124' title='bbox 650 3767 785 3815; x_wconf 84' lang='lat' dir='ltr'><strong>notarum</strong></span> <span class='ocrx_word' id='word_1_125' title='bbox 800 3765 937 3832; x_wconf 89' lang='lat' dir='ltr'><strong>produco.</strong></span> 
     </span>
    </p>
   </div>
   <div class='ocr_carea' id='block_1_6' title="bbox 0 0 1344 4718">
    <p class='ocr_par' dir='ltr' id='par_1_7' title="bbox 0 0 1344 4718">
     <span class='ocr_line' id='line_1_20' title="bbox 0 0 1344 4718; baseline 0 2"><span class='ocrx_word' id='word_1_126' title='bbox 0 0 1344 4718; x_wconf 95' lang='lat' dir='ltr'><strong> </strong></span> 
     </span>
    </p>
   </div>
  </div>
 </body>
</html>
